1988 3190
664 115 1024 163 PUNICORUM
1055 115 1238 162 LIBER
1267 115 1386 159 XIV.
1750 113 1854 166 101

243 254 406 307 Parte
421 253 529 307 alia
546 253 771 307 Perseus
786 283 848 292 --
864 270 1100 323 puppem
1117 251 1255 305 hanc
1273 249 1557 303 Tiberinus
1577 250 1776 321 agebat
1787 280 1857 287 —

175 327 395 398 Quaque
433 327 735 381 uehebatur
773 325 1004 381 Crantor
1047 324 1315 392 Sidonius,
1353 323 1414 377 Io

171 401 529 456 Concurrunt.
592 401 792 454 iniecta
829 401 1007 470 ligant
1045 399 1172 453 hinc
1210 399 1426 452 uincula
1464 398 1593 451 ferri

169 476 349 545 Atque
388 475 557 544 illinc,
597 477 969 543 steteruntque
1009 476 1155 526 rates
1195 473 1263 526 ad
1302 472 1510 542 proelia
1548 490 1730 525 nexae.

173 550 287 603 Nec
325 550 501 603 iaculo
542 552 638 602 aut
677 549 839 619 longe
880 550 1118 601 certatur
1154 546 1456 599 harundine
1498 546 1633 614 fusa,
1770 559 1856 599 520

170 623 484 678 Comminus
527 626 581 676 et
620 622 802 692 gladio
842 621 1124 675 terrestria
1161 620 1370 690 proelia
1409 620 1649 673 miscent.

168 696 535 767 Perrumpunt
572 695 718 765 Itali,
758 715 863 766 qua
903 695 1089 749 caedes
1129 695 1305 764 prima
1345 693 1568 758 reclusit

169 770 605 839 Monstrauitque
646 770 816 840 uiam3
859 773 1018 822 uasta
1059 769 1151 822 sed
1190 769 1335 822 mole
1375 770 1593 822 catenas

170 844 442 898 Hortatur
481 843 658 897 socios
700 847 753 897 et
792 843 972 896 uincla
1011 843 1330 912 abrumpere
1373 842 1503 894 ferri

173 921 252 971 Ac
289 922 450 988 parat
487 918 681 971 hostili
718 917 960 971 resoluta
998 934 1178 987 puppe
1218 922 1464 984 receptos
1772 926 1857 967 525

170 993 418 1045 Auehere
459 994 513 1044 et
552 991 774 1060 paribus
814 992 1008 1061 pelago
1050 991 1296 1044 diducere
1338 991 1406 1043 ab
1449 989 1636 1042 armis:

168 1065 417 1119 Aetnaeo
458 1065 832 1134 Polyphemus
874 1068 992 1117 erat
1028 1064 1267 1117 nutritus
1309 1064 1366 1116 in
1406 1068 1562 1116 antro

170 1138 354 1209 Atque
394 1139 518 1192 inde
560 1138 816 1208 antiquae
856 1156 1058 1191 nomen
1094 1138 1329 1191 feritatis
1372 1137 1615 1205 amabat3

170 1212 355 1267 Ubera
393 1213 721 1283 praebuerat
758 1230 929 1282 paruo
956 1213 1125 1282 'lupa3
1165 1211 1405 1280 corporis
1448 1211 1546 1263 alti

170 1286 453 1340 Terribilis
493 1287 680 1354 moles,
721 1304 871 1339 mens
914 1304 1122 1356 aspera,
1160 1287 1343 1339 uultus
1382 1285 1438 1337 in
1478 1286 1560 1337 ira
1774 1296 1860 1337 530

172 1358 395 1429 Semper
428 1363 483 1413 et
523 1361 590 1413 ad
629 1360 819 1413 caedes
860 1357 1119 1428 Cyclopia
1159 1359 1317 1412 corde
1356 1358 1543 1412 libido.

170 1433 332 1503 Isque
373 1434 629 1486 relaxatis
671 1435 1037 1486 membrorum
1078 1434 1313 1502 pondere
1353 1432 1545 1486 uinclis

170 1507 473 1576 Impulerat
510 1507 735 1576 puppim
776 1510 831 1560 et
869 1506 1153 1577 mergebat
1193 1507 1409 1577 gurgite
1449 1510 1639 1559 tonsas

171 1580 535 1650 Duxissetque
575 1584 764 1649 ratem,
803 1598 992 1649 pressa
1016 1579 1306 1634 Latronius
1345 1580 1507 1632 hasta

173 1654 247 1707 Ni
285 1672 514 1723 propere
555 1654 688 1707 duro
727 1654 992 1707 nitentem
1033 1672 1290 1724 exurgere
1330 1654 1490 1707 uelox
1774 1666 1861 1706 535

173 1727 377 1781 Affixet
415 1731 673 1780 transtro·
734 1728 826 1780 uix
864 1731 1035 1780 morte
1074 1728 1290 1796 incepta
1329 1727 1583 1795 remittit3

172 1801 424 1870 Namque
472 1820 664 1855 manus
714 1805 896 1854 seruat
943 1802 1068 1854 dum
1117 1805 1300 1855 suetos
1352 1800 1609 1870 languida
1655 1800 1864 1870 ductuS,

174 1874 443 1945 Ignauum
484 1894 695 1929 summo
735 1876 903 1928 traxit
942 1894 1103 1944 super
1144 1893 1374 1945 aequore
1414 1893 1638 1928 remum.

245 1947 488 2002 Perculsi
529 1967 698 2002 cuneo
739 1948 909 2003 Poeni
949 1949 1243 2003 densentur
1281 1949 1340 2001 in
1379 1967 1559 2016 unum,

174 2021 326 2084 Quod
354 2027 499 2076 caret
523 2022 698 2093 hoste,
722 2023 882 2091 latuS‚
916 2023 1097 2076 subito
1123 2041 1243 2076 cum
1267 2022 1503 2091 pondere
1537 2022 1730 2090 uictuS,
1777 2035 1862 2075 540

174 2096 454 2149 Insiliente
494 2096 647 2166 mari,
688 2096 1058 2166 submergitur
1098 2097 1284 2149 alueus
1325 2096 1500 2149 undis,

180 2167 344 2222 Scuta
384 2170 561 2222 uirum
601 2170 904 2239 cristaeque
946 2173 999 2222 et
1039 2170 1202 2223 inerti
1242 2170 1450 2239 spicula
1487 2169 1632 2222 ferro

295 2333 381 2372 516
414 2329 608 2373 Perseus
635 2333 770 2371 chLF
802 2342 990 2384 presens
1011 2333 1080 2371 ΟΥ
1114 2354 1169 2360 -
1195 2343 1396 2385 puppem
1429 2329 1550 2372 hanc
1569 2332 1630 2369 oh
1648 2352 1701 2360 —-
1719 2327 1807 2372 hac
1833 2333 1863 2371 0

180 2389 264 2429 517
292 2384 488 2430 Crantor
505 2386 721 2431 Sidonius
739 2391 873 2430 (2er
906 2389 1091 2431 crautor
1109 2401 1143 2430 s.
1161 2391 1198 2428 V
1231 2389 1278 2431 et
1301 2389 1465 2431 auctor
1481 2402 1513 2431 s.
1533 2390 1563 2428 0
1627 2389 1714 2430 518
1746 2385 1866 2431 Con-

183 2446 372 2488 currunt
403 2449 463 2488 ch
531 2451 614 2490 521
650 2446 716 2504 et]
749 2447 800 2489 at
822 2446 1044 2500 Lefebure
1074 2451 1115 2489 et
1146 2446 1336 2490 Ernesti
1412 2449 1496 2489 523
1529 2445 1667 2488 uasta
1699 2445 1779 2488 sed
1803 2460 1863 2490 m.

180 2503 402 2557 Lefebure
431 2505 588 2549 uastas
613 2506 660 2548 et
676 2520 734 2549 m.
757 2509 782 2546 8
814 2506 971 2548 uastas
996 2506 1044 2548 et
1065 2503 1219 2548 Maela
1237 2505 1429 2548 Marsus
1453 2520 1498 2549 u.
1516 2505 1565 2547 et
1579 2502 1705 2547 Mela
1722 2504 1866 2550 Gella-

180 2562 280 2605 rius
310 2563 447 2606 uasta.
478 2563 564 2606 sub
588 2562 710 2607 mole
728 2562 953 2607 Heinsius
982 2565 1116 2607 uasta
1148 2562 1239 2605 dux
1264 2562 1385 2606 mole
1415 2563 1549 2607 Thilo
1609 2566 1694 2607 527
1722 2563 1863 2607 Aeth-

180 2633 297 2664 naeo
330 2623 431 2662 1.Ἑο
472 2620 652 2665 Ethneo
686 2625 722 2662 V
801 2625 888 2665 530
918 2620 1095 2665 multus
1125 2619 1174 2664 in
1206 2621 1275 2665 ira
1299 2622 1523 2666 Heinsius
1595 2624 1678 2665 531
1714 2623 1865 2679 cyclo—

177 2676 289 2735 peia
318 2683 346 2721 8
495 2684 579 2723 532
613 2680 861 2735 relapsatis
893 2684 925 2721 Ι,
1076 2683 1162 2724 534
1194 2680 1442 2724 Latronius
1476 2684 1536 2725 ch
1580 2678 1804 2725 Laronius
1838 2687 1864 2724 8

185 2742 269 2781 535
310 2736 552 2793 insurgere
583 2738 728 2782 Bothe
894 2742 979 2782 536
1018 2737 1195 2781 Affixet
1223 2743 1255 2780 L
1303 2738 1482 2782 Affixae
1518 2743 1553 2781 F
1599 2739 1762 2783 Affixit
1794 2744 1865 2783 ov

179 2799 265 2840 538
307 2796 524 2852 Ignarum
565 2796 790 2841 Heinsius
829 2822 883 2829 —
926 2810 1104 2840 summo
1150 2797 1296 2841 traxit
1334 2802 1395 2840 eh
1450 2810 1610 2843 somno
1655 2798 1799 2842 traxit
1838 2804 1864 2841 S

181 2868 364 2899 summa
396 2854 592 2899 attraxit
622 2855 762 2911 uulyo
794 2880 847 2888 —
882 2869 1082 2910 aequore
1114 2869 1198 2900 scr.
1232 2869 1435 2912 aequora
1467 2862 1494 2899 Β
1642 2862 1726 2902 539
1758 2856 1863 2901 Per-

179 2912 302 2957 cussi
333 2918 359 2955 S
393 2939 445 2946 -
479 2914 730 2958 densentur
762 2918 788 2957 8
836 2913 1089 2958 densantur
1118 2915 1259 2971 uulyo
