1988 3190
224 98 294 150 14
892 98 1006 142 SILI
1036 97 1260 143 ITALICI

223 233 706 304 ApproperemuS,'
746 234 836 287 ait.
894 234 1033 287 ‘non
1071 233 1182 286 iam
1220 233 1323 286 tibi
1361 236 1584 302 pectora
1622 234 1782 302 pubis

224 308 477 363 Sidoniae
516 308 773 362 fodienda
811 327 976 361 manu
1013 307 1253 361 tutantia
1284 324 1481 376 regem.
1824 321 1912 361 355

223 382 342 437 Hoc
366 383 556 454 iugulo
583 382 829 435 dextram
854 382 1092 452 explora.
1146 399 1380 450 namque
1403 380 1535 434 haec
1563 381 1664 435 tibi
1693 381 1916 452 ferrum,

225 456 283 511 Si
323 457 567 511 Poenum
603 456 871 510 inuasisse
909 473 1090 526 paras,
1127 473 1224 524 per
1262 455 1473 508 uiscera
1509 453 1712 509 ferrum

220 531 425 585 Nostra
465 535 549 584 est
588 530 904 584 ducendum.
958 529 1171 583 tardam
1211 548 1278 582 ne
1318 546 1510 600 sperne
1550 533 1838 583 senectam.

221 605 507 674 Opponam
553 604 799 658 membra
845 608 1007 673 atque
1055 621 1239 656 ensem
1286 607 1604 673 extorquere
1650 607 1911 675 negatum

219 678 396 733 Morte
429 697 550 732 mea
582 677 844 749 eripiam?
906 678 1184 731 Lacrimae
1215 681 1346 730 tunc
1377 695 1470 730 ore
1501 677 1771 748 profusae,
1823 692 1911 732 360

219 754 294 806 Et
333 770 536 823 magna
576 771 828 823 superum
869 771 997 806 cura
1036 755 1282 805 seruatus
1320 751 1379 803 in
1417 769 1571 804 arma

221 827 500 897 Scipiadae
541 827 775 896 Poenus3
814 845 914 880 nec
953 829 1167 880 tantum
1205 825 1323 879 fata
1362 825 1622 878 dederunt

217 901 460 955 Externa
500 901 692 972 peragi
731 901 936 954 dextra.
991 899 1387 970 pulcherrimus
1426 900 1540 952 irae

217 976 292 1029 Et
331 976 525 1044 dignus
564 976 683 1028 fieri
722 993 943 1044 compos
984 974 1356 1027 memorabilis
1397 973 1531 1042 ausi,

218 1050 421 1103 Amisit
462 1053 722 1120 quantam
762 1049 943 1119 posito
984 1048 1265 1102 conamine
1305 1047 1536 1115 laudem,
1821 1061 1909 1100 365

219 1122 319 1178 Oui
358 1127 573 1177 tantum
613 1126 696 1176 est
732 1123 973 1176 uoluisse
1013 1122 1211 1175 decus?
1252 1124 1370 1174 tum
1410 1121 1632 1173 reddere
1671 1138 1788 1174 sese

217 1198 505 1251 Festinant
543 1197 716 1267 epulis
757 1200 811 1250 et
849 1197 1032 1250 tristia
1069 1196 1251 1249 fronte
1285 1198 1550 1264 serenant,

216 1271 402 1325 Donec
440 1272 588 1325 laeta
625 1271 805 1324 uirum
845 1271 1013 1324 soluit
1050 1269 1302 1324 conuiuia
1341 1287 1578 1322 somnus.

292 1345 522 1399 Postera
561 1346 652 1398 lux
690 1345 1049 1398 Phaethontis
1091 1362 1257 1413 equos
1297 1343 1540 1413 proferre
1580 1343 1826 1412 parabat,

217 1419 332 1472 Iam
373 1420 563 1489 rapido
605 1419 832 1473 summis
873 1437 1030 1471 curru
1070 1417 1389 1486 splendente
1430 1417 1531 1469 sub
1570 1417 1745 1486 undis,
1821 1430 1909 1471 370

216 1493 292 1546 Et
331 1494 560 1564 iuuenis,
598 1511 798 1564 magno
839 1495 1128 1562 generatus
1168 1490 1500 1560 Hamilcare,
1540 1490 1700 1544 duras

216 1567 333 1620 Iam
375 1567 574 1621 dudum
615 1569 829 1621 exercet
868 1585 1041 1620 curas,
1097 1564 1451 1636 Carthaginis
1490 1582 1641 1618 arces

218 1641 304 1694 Ire
343 1642 494 1695 ferox
533 1641 700 1712 Mago
743 1644 797 1694 et
835 1641 1087 1711 patribus
1126 1643 1350 1710 portare
1388 1639 1606 1691 iubetur

215 1714 427 1768 Nuncia
465 1715 615 1769 facta
655 1715 820 1768 ducis.
875 1714 1077 1784 praeda
1117 1717 1171 1766 et
1211 1713 1430 1783 captiua
1467 1712 1722 1781 leguntur

216 1788 460 1858 Corpora
499 1789 859 1857 dereptaeque
898 1787 1031 1840 uiris
1071 1788 1171 1840 sub
1212 1786 1389 1839 Marte
1429 1788 1652 1838 cruento
1819 1798 1906 1838 375

214 1862 477 1933 Exuuiae,
514 1862 684 1915 fausti
717 1862 927 1931 superis
967 1861 1232 1914 libamina
1270 1860 1414 1913 belli.

217 1937 410 1990 Altera
449 1955 701 1990 curarum
742 1935 962 2004 Libycis
1003 1934 1299 1988 dimittitur
1338 1934 1449 1987 oris

213 2009 336 2063 Heu
374 2009 589 2077 Decius,
627 2010 811 2063 reduci
850 2011 1024 2062 lentas
1067 2010 1314 2061 seruatus
1354 2007 1421 2060 ad
1459 2008 1585 2076 iras,

214 2084 287 2138 Ni
326 2102 530 2153 poenae
569 2084 818 2137 iuuenem
858 2083 1113 2152 indignae
1153 2082 1440 2135 miseratus
1480 2081 1548 2133 ab
1590 2080 1702 2133 alto

214 2158 423 2227 Iupiter
462 2158 742 2227 antiquam
782 2156 936 2210 Batti
975 2156 1232 2209 uertisset
1272 2155 1340 2208 ad
1378 2154 1584 2208 urbem.
1817 2166 1903 2207 380

213 2231 319 2285 Hic
357 2230 577 2285 Pellaea
617 2233 794 2285 uirum
834 2230 1139 2284 Ptolomaei
1180 2232 1394 2298 sceptra
1433 2228 1727 2281 uehentum

331 2442 417 2482 356
452 2438 570 2482 haec
603 2442 676 2480 cm
707 2436 799 2492 Ep.
827 2440 914 2481 101
957 2435 1048 2479 huc
1080 2435 1306 2479 Heinsius
1409 2437 1494 2478 357
1520 2433 1694 2477 ferrum
1720 2435 1792 2473 cm
1816 2431 1845 2475 l.
1871 2431 1900 2474 l.

213 2502 298 2540 364
333 2509 522 2553 campos
556 2500 626 2539 ov
748 2499 834 2539 366
865 2497 1002 2539 tanta
1032 2494 1257 2538 Heinsius
1282 2517 1335 2524 -
1361 2491 1576 2549 reddere]
1605 2490 1768 2534 cedere
1792 2493 1898 2532 ιον

211 2555 369 2599 tedere
401 2560 434 2597 F
595 2560 681 2600 369
723 2554 962 2611 phetontis
1001 2556 1107 2596 Lov
1154 2552 1379 2597 foetontis
1410 2556 1445 2593 F
1607 2552 1695 2593 370
1733 2547 1899 2604 rapido

213 2614 403 2657 summis
437 2621 509 2658 cm
541 2615 567 2658 l.
595 2616 622 2659 l.
669 2614 860 2671 rapidos
895 2612 1044 2657 omnis
1078 2618 1104 2655 S
1204 2616 1289 2656 371
1323 2612 1387 2655 At
1409 2610 1636 2654 Heinsius
1660 2632 1717 2640 —
1741 2607 1898 2663 duras]

212 2671 377 2716 crudas
407 2673 524 2717 idem
633 2677 720 2718 374
754 2672 956 2716 Nuntius
988 2674 1096 2716 acta
1126 2671 1265 2716 Blass
1378 2673 1466 2714 375
1497 2667 1810 2723 dereptaeque
1841 2669 1902 2708 ch

213 2731 498 2787 dereptaque
533 2735 563 2773 0
708 2736 795 2777 377
827 2730 1085 2775 dimittitur
1117 2735 1165 2786 S,
1196 2735 1250 2774 ut
1279 2730 1346 2774 ed.
1377 2728 1529 2772 Basil.
1554 2728 1676 2771 1543
1706 2730 1748 2769 et
1778 2726 1897 2768 coni.

211 2789 267 2836 L.
298 2790 473 2834 Maller
505 2790 768 2835 demittitur
798 2791 938 2846 uulyo
1046 2793 1132 2833 378
1163 2789 1334 2832 reduce
1366 2790 1438 2829 ov
1549 2788 1635 2828 380
1666 2780 1833 2828 bacchi
1863 2787 1896 2824 Ι.

211 2848 344 2894 bacci
374 2853 408 2890 F
451 2848 577 2892 batri
610 2854 680 2891 ov
813 2854 898 2894 381
932 2848 1122 2892 Pellaea
1152 2847 1351 2903 Ruperti
1381 2845 1516 2901 pelea
1547 2846 1618 2885 ΙΝ
1665 2840 1831 2898 poelea
1861 2845 1896 2883 F

212 2906 367 2964 pellea
399 2911 429 2949 0
466 2934 516 2940 -—
552 2908 811 2963 ptolomaei
842 2913 910 2950 LF
957 2907 1247 2962 ptholomaei
1280 2908 1350 2947 ov
