1988 3190
663 148 1019 195 PUNICORUM
1049 148 1230 194 LIBER
1259 148 1382 195 XVI.
1752 148 1858 201 155

163 283 427 339 Aduocat.
493 287 795 355 aequantur
833 302 1034 354 cursuS‚
1072 285 1382 354 pariterque
1421 284 1667 337 ruebant.

165 359 238 412 Et
274 358 459 412 forsan
500 360 717 430 gemina
755 359 1080 412 meruissent
1120 358 1362 427 praemia
1402 358 1599 427 palma,

162 432 411 486 Peruecti
451 433 609 485 simul
653 432 721 486 ad
757 435 946 499 metas,
983 432 1056 502 ni,
1094 435 1252 502 terga
1292 435 1507 486 secutus

160 505 441 575 TheroniS‚
480 506 657 568 fusam
697 507 808 559 late
846 524 943 574 per
981 506 1157 559 lactea
1202 506 1343 560 colla

161 578 434 649 Hesperos
473 580 684 650 ingenti
721 581 982 632 tenuisset
1021 597 1215 633 saeuus
1257 580 1323 632 ab
1364 579 1446 632 ira
1767 590 1857 631 520

161 652 545 724 Traxissetque
585 671 810 707 comam.
863 653 1081 706 tardato
1120 654 1296 706 laetus
1338 670 1614 722 ouansque

161 726 402 796 Eurytus
442 727 623 780 euadit
660 728 852 780 iuuene
893 730 1053 796 atque
1094 727 1161 779 ad
1198 728 1438 795 praemia
1475 727 1653 779 uictor

163 801 379 854 Emicat
419 804 472 854 et
512 801 698 869 galeae
737 800 843 853 fert
883 800 1083 854 donum
1123 801 1336 871 insigne
1376 818 1646 853 coruscae.

165 872 360 928 Cetera
396 874 665 943 promisso
707 875 905 927 donata
944 877 1025 927 est
1064 892 1284 927 munere
1324 875 1495 944 pubes

162 947 524 1017 Intonsasque
564 966 744 1001 comas
783 947 943 1000 uiridi
982 948 1233 1001 redimita
1272 966 1470 1001 corona
1763 959 1850 1000 525

165 1020 304 1074 Bina
343 1022 472 1074 tulit
510 1022 690 1090 patrio
731 1023 981 1091 quatiens
1023 1021 1248 1074 hastilia
1284 1020 1447 1074 ferro,

237 1095 378 1148 Hinc
418 1096 671 1164 grauiora
709 1095 887 1148 uirum
927 1096 1240 1165 certamina,
1280 1094 1579 1148 comminus
1620 1094 1765 1147 ensis

163 1168 467 1222 Destrictus
508 1169 743 1238 bellique
782 1168 883 1221 feri
924 1169 1210 1221 simulacra
1250 1169 1475 1234 cientur.

163 1241 294 1311 Nec,
335 1260 469 1311 quos
509 1242 669 1311 culpa
706 1242 849 1312 tulit,
888 1261 1021 1312 quos
1062 1243 1289 1295 crimina
1326 1243 1490 1295 noxia
1528 1242 1691 1310 uitae,

163 1314 267 1368 Sed
305 1317 478 1369 uirtus
518 1316 833 1385 animusque
872 1315 1026 1369 ferox
1066 1316 1134 1369 ad
1172 1315 1346 1368 laudis
1388 1333 1642 1384 amorem,
1763 1329 1850 1368 530

168 1389 239 1441 Hi
279 1407 492 1442 creuere
530 1407 686 1458 pares
726 1389 892 1458 ferr03
933 1390 1238 1459 spectacula
1279 1389 1442 1459 digna

164 1462 471 1532 Martigena
510 1463 678 1533 uulgo
720 1463 965 1531 suetique
1003 1463 1207 1516 laboris
1246 1463 1444 1532 imago.

164 1535 280 1589 Hos
320 1536 463 1588 inter
502 1536 702 1605 gemini
730 1566 794 1573 —-
831 1536 959 1606 quid
997 1537 1103 1588 iam
1142 1555 1253 1589 non
1291 1536 1508 1605 regibus
1550 1535 1777 1588 ausum?

163 1609 278 1662 Aut
318 1609 458 1678 quod
497 1609 606 1662 iam
645 1609 800 1679 regni
840 1612 1010 1662 restat
1050 1609 1260 1662 scelus?
1290 1609 1548 1677 —impia
1590 1609 1730 1661 circo

163 1682 452 1735 Innumero
493 1682 707 1751 fratreS,
747 1701 912 1736 cauea
951 1683 1240 1735 damnante
1279 1682 1532 1749 furorem,
1766 1694 1852 1735 535

166 1755 272 1809 Pro
314 1759 528 1825 sceptro
570 1756 793 1809 armatis
833 1757 1070 1809 inierunt
1107 1757 1313 1825 proelia
1352 1755 1568 1808 dextris,

165 1830 219 1883 Is
259 1830 413 1898 genti
451 1848 568 1883 mos
610 1830 757 1883 dirus
801 1833 937 1900 erat3
977 1831 1318 1899 patriumque
1356 1829 1618 1898 petebant

166 1902 361 1956 Orbati
401 1903 597 1957 solium
637 1904 773 1956 lucis
814 1903 1120 1956 discrimine
1160 1903 1373 1956 fratres.

165 1975 493 2030 Concurrere
533 1977 743 2046 animiS,
783 1977 1000 2046 quantis
1041 1977 1328 2047 confligere
1367 1995 1466 2045 par
1507 1979 1602 2044 est,

163 2049 310 2111 Quos
349 2051 503 2119 regni
534 2050 685 2104 furor
726 2051 986 2120 exagitat3
1025 2051 1303 2120 multoque
1344 2068 1532 2103 cruore
1767 2062 1852 2103 540

163 2122 453 2176 Exsatiata
494 2124 654 2176 simul
694 2126 973 2193 portantes
1015 2124 1178 2176 corda
1218 2124 1318 2176 sub
1358 2123 1580 2175 umbras

165 2195 490 2250 Occubuere.
554 2197 671 2266 pari
710 2198 832 2250 nisu
871 2215 966 2266 per
1004 2200 1225 2265 pectora
1266 2196 1517 2249 adactus

164 2269 363 2322 Intima
402 2271 675 2323 descendit
714 2289 920 2338 mucr03
965 2270 1311 2339 superaddita
1351 2270 1525 2321 saeuis

165 2342 375 2396 Ultima
414 2344 726 2397 uulneribus
765 2345 958 2413 uerba3
999 2347 1067 2411 et,
1108 2342 1351 2396 conuicia
1390 2343 1629 2411 uoluenS,

287 2535 372 2575 516
405 2533 632 2587 aequatur
663 2531 853 2576 Marsus
885 2531 1055 2588 aliique
1168 2534 1254 2575 518
1294 2529 1364 2587 ni]
1397 2530 1445 2574 in
1478 2535 1524 2584 S,
1557 2531 1634 2575 sed
1663 2531 1717 2575 in
1748 2535 1781 2573 F
1806 2530 1855 2575 ni

167 2603 225 2633 m.
251 2594 283 2635 2
314 2603 542 2646 suprascr.
680 2594 765 2634 519
797 2590 890 2634 lete
916 2594 946 2632 0
981 2590 1058 2645 (cf.
1084 2589 1193 2634 XV.
1221 2592 1333 2643 788)
1472 2593 1556 2633 522
1589 2588 1790 2646 Eurytus
1822 2595 1855 2632 Ι.

169 2654 211 2693 et
240 2652 274 2690 13·
306 2661 360 2692 ex
383 2661 496 2693 corr.
532 2648 719 2692 Euritus
739 2652 809 2691 OV
826 2673 882 2680 —
901 2648 960 2691 ad
991 2647 1200 2704 praemia
1223 2653 1295 2690 cm
1310 2647 1401 2703 Ep.
1421 2651 1480 2692 55
1551 2652 1635 2692 529
1662 2648 1854 2693 crimine

170 2706 309 2750 noxia
341 2707 440 2750 uita
471 2706 694 2751 Heinsius
824 2711 908 2750 531
942 2706 1037 2762 Hys
1064 2710 1094 2748 0
1127 2705 1214 2749 Hic
1239 2706 1462 2750 Heinsius
1495 2732 1549 2738 —
1582 2707 1855 2752 Discreuere

170 2766 323 2810 Barth
444 2769 528 2809 533
563 2765 658 2809 Hos
727 2763 850 2817 Quos
881 2764 1105 2808 Heinsius
1138 2789 1193 2797 —
1227 2765 1450 2819 quidnam
1497 2770 1538 2810 et
1583 2770 1670 2811 534
1709 2767 1853 2822 quod-

169 2837 278 2867 nam
310 2824 429 2868 idem
462 2848 516 2856 —
548 2837 637 2878 quo
697 2828 734 2866 V
771 2836 954 2879 quoque
979 2827 1080 2864 LFO
1203 2827 1287 2867 537
1322 2823 1462 2867 durus
1494 2828 1528 2866 F
1635 2828 1720 2868 539
1753 2826 1855 2869 ani-

169 2883 257 2926 mis
305 2887 340 2925 V
398 2882 578 2936 animus
610 2886 643 2923 13·
692 2881 873 2926 animus
912 2886 944 2924 1.
993 2881 1168 2925 animas
1203 2886 1232 2923 0
1436 2886 1523 2927 540
1563 2883 1854 2939 multumque

168 2941 393 2986 Heinsius
