1988 3190
559 132 918 179 PUNICORUM
947 133 1127 178 LIBER
1158 132 1302 178 XVII.
1665 96 1793 187 17].ι

80 269 349 338 Fulmina,
389 271 443 322 et
481 268 539 322 in
577 269 807 322 classem
847 286 1001 322 ruere
1040 269 1382 340 implacabile
1423 269 1650 323 caelum.

75 342 412 398 Consensere
452 343 606 413 ignes
646 342 923 412 nimbique
963 345 1017 395 et
1057 343 1253 396 fluctus
1295 346 1349 395 et
1387 343 1471 396 ira

72 417 389 487 Uentorum,
425 420 746 486 noctemque
785 416 927 470 freto
967 418 1273 487 imposuere
1312 417 1585 471 tenebrae.

71 491 228 556 Ecce,
266 491 473 545 intorta
510 490 658 544 Noto
698 491 1024 560 ueniensque
1065 510 1096 544 a
1136 509 1267 560 rupe
1306 491 1549 559 procella
1675 504 1763 545 255

71 565 376 618 Antemnae
406 565 661 634 immugit
683 595 756 604 —
781 565 1083 634 stridorque
1122 565 1331 617 immite
1371 565 1659 618 rudentum

73 637 274 692 Sibilat
301 669 366 678 —
395 657 456 693 ac
496 638 729 692 similem
768 639 942 692 monti
979 639 1231 708 nigrante
1269 638 1537 708 profundo

75 712 334 767 Ductoris
372 712 580 782 frangit
620 731 780 782 super
820 731 915 766 ora
952 713 1241 765 trementia
1279 713 1516 765 fluctum.

76 786 380 856 Exclamat,
419 787 647 840 uoluens
689 787 874 840 oculos
916 787 1172 856 caeloque
1210 787 1479 856 fretoque:

74 859 273 927 ‘Felix,
313 879 344 914 o
383 862 567 926 frater,
611 860 856 930 diuisque
897 864 1124 929 aequate
1165 860 1420 928 cadendO,
1685 873 1771 914 260

74 933 410 987 Hasdrubal!
450 934 728 1004 egregium
768 935 927 988 fortis
968 934 1053 987 cui
1093 935 1314 987 dextera
1352 934 1410 986 in
1449 934 1615 987 armis

72 1007 350 1078 Pugnanti
388 1010 601 1078 peperit
640 1008 826 1078 letum,
866 1011 920 1061 et
959 1009 1044 1062 cui
1081 1008 1200 1061 fata
1238 1007 1444 1077 dedere,

73 1080 371 1135 Ausoniam
412 1085 653 1135 extremo
694 1082 947 1134 tellurem
985 1081 1316 1151 apprendere
1356 1099 1557 1134 morsu,

72 1154 150 1208 At
190 1155 324 1207 mihi
365 1154 673 1209 Cannarum
713 1155 933 1225 campiS,
972 1156 1066 1208 ubi
1105 1155 1324 1225 PauluS,
1362 1155 1458 1208 ubi
1497 1155 1624 1208 illae

72 1228 344 1299 Egregiae
385 1230 680 1282 occubuere
721 1229 946 1298 animae,
986 1229 1258 1282 dimittere
1300 1229 1472 1282 uitam
1675 1242 1763 1283 265

73 1301 203 1355 Non
243 1303 474 1371 licitum3
514 1304 620 1370 uel,
658 1321 781 1356 cum
818 1303 1015 1356 ferrem
1053 1303 1112 1355 in
1152 1301 1425 1371 Capitolia
1463 1302 1729 1373 flammaS,

78 1375 309 1444 Tarpeio
348 1376 495 1429 Iouis
537 1377 600 1428 ad
645 1377 821 1428 manis
862 1376 1181 1429 descendere
1221 1375 1368 1429 telo.'

153 1449 308 1503 Talia
347 1450 474 1502 dum
513 1454 734 1518 maeret,
774 1449 1000 1503 diuersis
1039 1450 1261 1503 flatibus
1302 1452 1425 1502 acta

74 1522 140 1575 In
179 1524 458 1593 geminum
496 1523 606 1576 ruit
644 1523 788 1576 unda
826 1524 971 1576 latus
1011 1525 1343 1594 puppimque
1386 1523 1485 1576 sub
1526 1523 1662 1576 atris

76 1597 344 1666 Aequoris
385 1597 675 1667 aggeribus
715 1597 906 1666 tenuit,
945 1616 1042 1650 ceu
1081 1598 1299 1650 turbine
1340 1615 1590 1650 mersam.
1679 1611 1767 1651 270

77 1668 225 1737 Mox,
265 1671 436 1740 nigris
477 1671 584 1723 alte
622 1671 778 1739 pulsa
818 1671 1138 1724 exundantis
1177 1671 1411 1724 harenae

81 1742 409 1813 UerticibuS,
448 1744 580 1797 ratis
622 1744 891 1797 aetherias
930 1745 1193 1798 remeauit
1234 1745 1299 1798 ad
1339 1762 1500 1797 auras

80 1817 155 1870 Et
192 1818 384 1871 fluctus
426 1836 604 1886 supra,
642 1822 803 1871 uento
844 1819 1093 1888 librante,
1132 1818 1404 1888 pependit.

81 1890 161 1944 At
200 1891 442 1961 geminas
482 1890 661 1944 Notus
700 1893 757 1944 in
798 1894 1049 1961 scopulos
1091 1898 1250 1961 atque
1289 1891 1507 1946 horrida
1548 1911 1676 1946 saxa

75 1963 228 2018 Dura
267 1968 410 2018 sorte
445 1965 605 2035 rapit,
644 1966 1009 2019 miserandum
1050 1969 1105 2019 et
1144 1966 1326 2036 triste,
1372 1966 1610 2020 biremis,
1681 1979 1767 2020 275

77 2037 399 2107 Increpuere
439 2039 551 2111 ictu
590 2057 799 2109 prorae.
861 2042 979 2093 tum
1017 2041 1219 2093 murice
1260 2042 1419 2093 acuto

78 2110 367 2164 Dissiliens
409 2114 605 2182 sonuit,
644 2116 807 2181 rupta
848 2131 1124 2183 compage,
1163 2114 1360 2167 carina.

78 2184 183 2237 Hic
222 2187 375 2239 uaria
415 2190 540 2238 ante
582 2187 765 2239 oculos
805 2187 992 2239 facies:
1032 2191 1189 2239 natat
1230 2204 1462 2256 aequore
1501 2190 1618 2239 toto

82 2260 249 2311 Arma
288 2259 429 2312 inter
470 2260 762 2330 galeasque
802 2260 979 2312 uirum
1019 2261 1318 2329 cristasque
1357 2260 1603 2312 rubentis

76 2330 345 2386 Florentis
386 2332 603 2402 Capuae
644 2350 778 2399 gaza
822 2336 877 2385 et
916 2336 1134 2402 seposta
1173 2334 1452 2403 triumpho
1679 2346 1766 2387 280

76 2403 317 2459 Laurens
358 2406 558 2474 praeda
598 2405 762 2475 duciS,
802 2406 1041 2474 tripodes
1082 2425 1402 2476 mensaeque
1443 2406 1665 2459 deorum

77 2476 345 2548 Cultaque
385 2480 743 2548 nequicquam
783 2479 994 2533 miseris
1037 2480 1327 2533 simulacra
1365 2479 1592 2533 Latinis.

214 2640 300 2680 255
348 2637 540 2681 ueniens
587 2642 617 2680 0
659 2663 713 2671 —-
755 2652 783 2683 a
829 2639 963 2697 rupe]
1016 2652 1044 2682 a
1089 2652 1246 2696 puppe
1293 2639 1518 2683 Heinsius
1572 2653 1596 2684 e
1644 2639 1769 2684 nube

77 2694 304 2740 Schrader
349 2698 446 2748 (sed
483 2697 541 2751 cf.
574 2711 620 2741 u.
651 2701 767 2751 240)
965 2700 1051 2741 256
1091 2698 1333 2742 Antennae
1375 2702 1446 2741 ov
1479 2722 1534 2730 -
1567 2698 1767 2757 immite]

80 2753 283 2797 immane
315 2753 539 2800 Schrader
704 2760 790 2800 257
823 2755 1055 2812 migrante
1086 2757 1239 2801 Barth
1399 2760 1487 2801 258
1518 2756 1768 2802 frementia

80 2812 408 2857 Drakenborch
528 2819 612 2859 261
650 2813 787 2858 furtis
819 2820 852 2857 L
973 2819 1061 2859 264
1094 2817 1142 2859 et
1171 2815 1283 2861 illae
1317 2819 1347 2858 0
1469 2821 1554 2861 271
1590 2815 1685 2860 alte
1716 2820 1768 2871 V,

79 2875 246 2985 «fiscan.
280 2872 432 2917 Barth
477 2873 601 2917 altae
633 2877 735 2915 LFO
866 2877 953 2918 278
984 2873 1092 2932 Hic]
1124 2873 1167 2918 It
1197 2874 1422 2920 Heinsius
1542 2879 1627 2920 281
1662 2875 1772 2919 duci

125 2943 146 2973 e
168 2944 190 2975 e
219 2944 301 2975 ure
