1988 3190
197 129 271 183 66
855 131 988 179 ffSILI
1018 131 1240 177 ITALICI

203 264 481 336 Sanguine
519 283 629 319 non
667 268 832 335 tacto,
872 267 1064 321 solitas
1104 268 1374 322 effundere
1413 268 1608 324 uoces.’

200 340 417 410 Aspicit
456 343 510 393 et
550 340 730 394 subito
769 341 1023 395 turbatus
1064 340 1244 412 Scipio
1283 343 1428 411 uisu3

199 413 463 478 ‘Quinam
501 417 574 484 te,
613 415 707 484 qui
745 415 936 484 casus,'
977 415 1069 484 ait,
1107 416 1236 469 ‘dux
1275 418 1524 488 maxime,
1561 417 1741 472 fessae
1803 432 1895 474 450

197 488 418 558 Eripuit
455 488 682 558 patriae,
721 507 844 543 cum
881 490 1010 543 talis
1042 490 1264 546 horrida
1301 494 1534 562 poscant

194 561 355 616 Bella
391 562 578 617 uiros?
616 581 715 617 nec
755 564 898 616 enim
936 564 1126 617 dextra
1163 567 1492 619 concesserit
1523 565 1623 620 ulli

195 635 428 708 AppiUS,
468 640 563 690 aut
602 640 739 690 astU.
803 637 1070 692 decimum
1109 640 1202 692 lux
1239 640 1454 693 rettulit
1493 643 1690 710 ortum,

196 711 276 765 Ut
313 714 384 780 te,
423 730 547 765 cum
587 710 773 781 Capua
810 730 1122 783 remearem,
1157 714 1383 767 uulnera
1420 714 1534 767 uidi

195 784 543 852 Mulcentem‚
572 786 678 838 hoc
701 804 810 839 uno
835 789 1119 857 maestum,
1142 787 1287 856 quod
1312 788 1458 842 adire
1481 788 1734 858 nequires
1800 802 1888 844 455

198 858 423 913 Saucius
465 860 533 913 ad
572 878 757 913 muros
796 862 851 912 et
889 859 1085 914 Martis
1126 860 1331 915 honore
1371 860 1615 916 careres?

272 932 478 987 Contra
524 952 662 1003 quae
709 933 922 988 ductor:
969 934 1163 989 ‘Fesso
1202 935 1338 988 mihi
1375 937 1626 1005 proxima
1663 937 1887 991 tandem

193 1007 314 1061 Lux
353 1011 540 1077 gratos
580 1007 940 1062 Phaethontis
981 1028 1148 1079 equos
1187 1010 1390 1063 auertit
1430 1014 1484 1064 et
1522 1010 1655 1065 atris

193 1077 494 1135 Aeternum
535 1081 752 1135 demisit
792 1083 962 1151 aquis.
1025 1083 1118 1136 sed
1158 1083 1307 1136 lenta
1346 1102 1602 1155 meorum,

194 1155 342 1209 Dum
380 1174 554 1209 uanos
593 1155 732 1209 ritus
773 1174 903 1210 cura
941 1160 996 1210 et
1036 1157 1323 1210 sollemnia
1360 1159 1514 1228 uulgi
1798 1172 1888 1214 460

193 1229 510 1300 Exequitur,
549 1233 726 1283 cessat
763 1230 1000 1283 flammis
1039 1231 1319 1301 imponere
1359 1250 1571 1302 corpuS,
1821 1243 1823 1246 ’

194 1304 273 1358 Ut
309 1306 494 1374 portet
530 1304 756 1357 tumulis
795 1322 892 1373 per
929 1305 1156 1374 longum
1195 1306 1441 1359 membra
1477 1307 1736 1376 paterniS.

195 1378 352 1442 Quod
390 1381 444 1431 te
481 1396 578 1447 per
615 1378 791 1431 nostri
826 1378 1021 1432 Martis
1059 1397 1250 1448 precor
1290 1381 1501 1433 aemula
1537 1380 1700 1451 facta,

192 1451 352 1522 Arce,
392 1470 528 1522 quae
566 1453 743 1522 putris
776 1455 927 1508 artus
966 1454 1325 1507 medicamina
1365 1457 1602 1523 seruant,

193 1525 386 1596 Daque
410 1544 554 1597 uago
578 1529 766 1595 portas
791 1527 1191 1596 quamprimum
1214 1527 1543 1582 Acherontis
1569 1526 1751 1582 adire?
1798 1541 1888 1582 465

269 1600 419 1654 Tunc
458 1600 694 1654 iuuenis:
749 1599 924 1653 ‘Gens
965 1620 996 1654 o
1043 1602 1243 1655 ueteris
1282 1602 1645 1672 pulcherrima
1685 1601 1889 1672 Clausi,

193 1673 356 1728 Haud
393 1674 508 1727 ulla
547 1677 673 1727 ante
713 1677 881 1744 tuam,
921 1693 1248 1745 quamquam
1288 1694 1399 1730 non
1429 1695 1602 1746 parua
1636 1675 1887 1747 fatigent,

194 1747 459 1802 Curarum
498 1748 649 1818 prior
688 1748 946 1801 extiterit.
1007 1767 1239 1819 namque
1277 1749 1386 1803 ista
1424 1768 1521 1819 per
1559 1750 1736 1803 omnis

193 1822 502 1875 Discrimen
542 1825 726 1874 seruat
762 1822 992 1891 populos
1032 1824 1316 1891 uariatque
1355 1824 1625 1877 iacentum

164 1895 469 1965 ,Exequias
507 1895 708 1948 tumuli
747 1898 801 1947 et
839 1895 1080 1948 cinerum
1119 1897 1387 1949 sententia
1426 1897 1646 1950 discorS.
1797 1910 1887 1951 470

195 1970 411 2023 Tellure
438 1999 507 2007 —
532 1972 594 2021 ut
630 1969 935 2039 perhibent,
973 1969 1020 2022 is
1060 1988 1180 2023 mos
1220 1971 1478 2040 antiquus
1504 2001 1574 2010 —
1599 1970 1808 2025 Hibera

192 2043 461 2097 Exanima
493 2042 792 2096 obscoenus
832 2044 1103 2097 consumit
1140 2061 1369 2113 corpora
1407 2045 1609 2098 uultur.

193 2117 372 2189 Regia
410 2135 531 2170 cum
571 2117 746 2170 lucem
786 2120 1084 2186 posuerunt
1122 2118 1382 2187 membra,
1420 2120 1712 2188 probatum
1753 2121 1839 2171 est

191 2190 462 2262 Hyrcanis
504 2191 759 2244 adhibere
799 2209 974 2245 canes,
1037 2192 1315 2262 Aegyptia
1353 2193 1518 2245 tellus

195 2265 414 2320 Claudii:
455 2264 680 2318 odorato
720 2268 848 2336 post
886 2265 1048 2318 funus
1089 2265 1296 2318 stantia
1335 2283 1464 2318 saxo
1794 2277 1883 2318 475

311 2417 400 2456 450
432 2411 536 2467 quis
567 2416 602 2453 F
760 2414 846 2454 459
880 2409 1060 2454 dimisit
1091 2415 1149 2454 od
1172 2410 1247 2464 (T.
1265 2423 1316 2467 p.
1341 2413 1456 2466 215)
1601 2414 1690 2454 464
1721 2410 1884 2467 putres

192 2471 491 2527 Dausqueius
521 2474 562 2515 et
593 2470 818 2515 Heinsius
857 2470 1008 2526 patris
1034 2473 1129 2512 0118
1180 2470 1236 2524 cf.
1262 2470 1368 2514 III.
1395 2473 1509 2526 643)
1544 2468 1711 2527 patriis
1742 2470 1884 2525 uulyo

190 2529 373 2574 Phariis
405 2530 557 2574 Barth
710 2533 798 2574 466
829 2527 951 2573 Tum
983 2532 1054 2571 OV
1077 2554 1134 2562 —
1198 2528 1320 2572 lausi
1351 2529 1544 2573 Marsus
1589 2527 1746 2572 claudi
1777 2532 1882 2571 Lro

191 2589 335 2633 dandi
365 2594 402 2632 V
552 2592 639 2632 467
671 2588 821 2644 tuam]
854 2587 972 2632 mihi
1001 2588 1076 2632 uel
1106 2588 1314 2632 animum
1348 2591 1547 2643 (mutata
1569 2587 1883 2642 distinctione)

191 2648 418 2692 Heinsius
448 2647 520 2691 tui
550 2648 672 2692 hanc
713 2647 898 2702 Withof
1047 2652 1148 2692 468.
1182 2652 1270 2691 469
1303 2661 1410 2691 nam
1441 2645 1566 2691 iusta
1597 2670 1653 2679 —
1686 2646 1880 2691 seruant

191 2707 438 2751 Liuineius
557 2711 643 2751 471
676 2707 744 2752 sie
772 2707 989 2751 distimit
1021 2706 1206 2761 Withof
1229 2706 1414 2750 Tellure
1446 2707 1519 2763 (ut
1547 2704 1812 2762 perhibent)
1837 2704 1878 2747 is

191 2779 252 2808 m.
279 2778 320 2809 a.
345 2765 522 2809 Hibera
544 2767 686 2823 uulyo
747 2770 834 2809 472
858 2765 1087 2809 Exanima
1108 2769 1182 2807 Fv
1213 2764 1443 2809 Examina
1465 2768 1532 2807 Lo
1593 2767 1682 2807 474
1705 2762 1883 2818 Hyrca·

191 2837 279 2867 nus
304 2828 334 2866 0
371 2824 612 2879 Hyrcanas
643 2830 680 2867 V
742 2828 829 2869 475
855 2824 1050 2869 adorato
1069 2849 1124 2857 —-
1143 2837 1252 2869 saxo
1275 2824 1421 2869 Bothe
1450 2823 1747 2867 honorato—
1766 2833 1879 2864 saxo

191 2883 266 2927 uel
296 2881 468 2927 Condit
492 2883 686 2928 odorato
712 2909 768 2915 —
794 2896 931 2927 succo
949 2883 1178 2928 Schrader
1209 2882 1403 2927 odorato
1427 2906 1485 2915 —
1508 2883 1618 2926 taxo
1641 2880 1704 2924 D.
1730 2879 1880 2924 Hein-

191 2944 292 2989 sius
335 2941 407 2985 od.
440 2955 589 2998 gypso
620 2943 694 2987 uel
725 2943 924 2987 odorata
947 2967 1003 2975 -
1029 2955 1173 2999 capsa
1203 2942 1449 2987 Burmann
