1988 3190
594 157 953 204 PUNICORUM
983 159 1165 204 LIBER
1195 159 1338 205 XVII.
1704 159 1808 213 177

122 296 418 350 Immemor
449 294 547 348 has
581 294 730 365 pacti
760 297 887 364 post
917 294 1107 348 foedus
1140 296 1196 348 in
1230 314 1381 349 arma
1412 295 1699 365 Philippus
1725 309 1810 350 420

123 370 354 424 Miserat
393 372 448 422 et
487 387 742 438 quassam
781 367 1064 422 refouebat
1102 369 1372 440 Agenoris
1411 371 1615 424 urbem.

122 444 371 499 Rarescit
409 444 581 496 multo
621 444 857 496 lassatus
897 443 1119 497 uulnere
1159 444 1314 497 miles

122 517 304 588 Atque
346 518 520 587 aperit
559 517 775 586 patulas
814 520 1089 586 prostrato
1130 535 1355 587 corpore
1394 518 1504 572 late

123 592 273 645 Inter
309 592 422 644 tela
460 591 594 645 uias,
654 590 907 660 irrumpit
946 592 1086 644 mole
1124 591 1311 646 ruinae

126 665 401 720 Ausonius
443 665 638 735 globus
679 667 732 717 et
770 665 1008 734 periuria
1049 664 1217 718 Graia
1253 665 1511 735 resignat.
1724 680 1811 719 425

123 740 519 794 Archemorum
558 738 800 807 Rutilus„
841 738 1105 792 Teucrum
1145 738 1435 793 Norbanus
1467 771 1529 779 —
1558 743 1613 793 et
1653 741 1812 794 ambo

122 813 352 867 Mantua
390 813 616 883 pubenti
656 812 903 883 genetrix
942 813 1222 866 dimiserat
1261 832 1395 866 aeuo
1426 845 1487 852 —

127 887 432 941 Obtruncat
472 885 713 939 Samium
752 886 973 939 bellacis
1015 886 1206 941 dextra
1245 886 1446 955 Caleni,

125 961 202 1014 At
241 960 483 1030 Clytium
523 959 716 1030 Selius,
754 959 1032 1013 Pellaeum
1074 963 1128 1014 et
1166 979 1309 1014 uana
1347 964 1646 1015 tumentem

126 1034 212 1088 Ad
251 1053 450 1089 nomen
487 1035 695 1104 patriae
735 1032 988 1104 Clytium,
1028 1035 1121 1088 sed
1161 1035 1338 1105 gloria
1379 1036 1558 1089 Pellae
1725 1049 1814 1091 430

126 1108 289 1161 Haud
328 1108 502 1161 ualuit
542 1107 738 1161 misero
780 1107 1062 1160 defendere
1102 1108 1316 1161 Daunia
1355 1110 1480 1164 tela.

202 1180 427 1236 Saeuior
465 1182 550 1234 his
591 1181 777 1234 Latius
817 1182 1075 1234 uastabat
1114 1181 1332 1236 Bruttia
1371 1183 1527 1253 signa

127 1255 344 1310 Laelius
384 1256 737 1324 increpitans:
779 1254 1026 1309 ‘Adeone
1068 1255 1328 1310 Oenotria
1365 1257 1531 1310 tellus

126 1329 467 1383 Detestanda
504 1329 625 1393 fuit,
664 1348 826 1398 quam
864 1347 960 1398 per
1000 1330 1173 1382 maria
1212 1348 1405 1398 aspera
1443 1349 1645 1401 perque

126 1402 357 1456 Insanos
395 1402 560 1472 Tyrio
600 1402 860 1472 fugeretis
900 1403 1103 1472 remige
1141 1403 1373 1456 fluctus?
1728 1418 1813 1458 435

128 1474 234 1529 Sed
271 1476 477 1547 fugisse
518 1476 652 1528 satis
691 1475 869 1530 fuerit.
931 1474 1159 1529 Latione
1199 1495 1387 1530 cruore

127 1550 358 1620 Insuper
397 1553 644 1603 externas
683 1549 871 1619 petitis
910 1549 1231 1618 perfundere
1270 1548 1512 1604 terraSP'

126 1623 277 1678 Haec
317 1624 498 1677 dicens
539 1623 790 1692 Silarum,
829 1623 1184 1676 meditantem
1222 1624 1280 1676 in
1317 1625 1540 1695 proelia,
1577 1625 1688 1677 telo

126 1697 434 1752 Praeuenit.
494 1697 654 1750 hasta
693 1698 883 1750 uolans
922 1697 1032 1750 imo
1073 1698 1174 1750 sub
1216 1701 1436 1767 gutture
1476 1699 1616 1751 sedit

128 1771 205 1824 Et
243 1771 391 1824 uitae
429 1772 689 1840 uocisque
727 1771 846 1823 uias
886 1771 1046 1824 simul
1084 1771 1254 1824 incita
1292 1772 1502 1825 clausit.
1729 1786 1814 1825 440

124 1845 377 1915 Uergilio
419 1843 707 1912 Caudium,
747 1845 939 1898 acerbo
979 1844 1123 1898 Laus
1165 1845 1377 1899 Amano

130 1917 413 1972 Sternitur.
477 1919 774 1972 accendunt
801 1919 921 1987 ¹iras
961 1919 1252 1990 uultusque
1290 1920 1531 1973 uirorum

131 1993 527 2062 Armorumque
566 1993 786 2046 habitus
825 1992 943 2045 noti
983 1995 1037 2045 et
1075 2010 1180 2046 uox
1220 2012 1460 2047 consona
1498 1994 1731 2063 linguae.

249 2142 335 2183 420
368 2140 454 2183 1108
487 2138 710 2182 Heinsius
743 2162 799 2168 —
829 2137 1023 2194 paetum
1053 2138 1198 2183 Bothe
1360 2142 1446 2181 422
1479 2139 1681 2182 lassatus
1711 2142 1817 2180 Lov

130 2198 314 2243 laxatus
355 2202 390 2240 F
425 2223 478 2229 —
511 2195 697 2241 laxatus
736 2195 897 2239 funere
937 2195 1163 2241 Heinsius
1214 2196 1399 2241 laxatus
1439 2197 1632 2241 uulnere
1681 2196 1816 2241 limes

132 2257 326 2313 Bentley
406 2260 492 2300 425
525 2254 712 2312 globus]
744 2268 884 2310 rogus
917 2258 989 2296 ΟΥ
1021 2279 1077 2286 -
1106 2254 1348 2311 resignant
1379 2260 1406 2298 8
1490 2261 1576 2300 426
1607 2254 1819 2300 Artemo-

131 2330 235 2359 rum
267 2318 338 2357 ΟΥ
370 2340 426 2347 —-
458 2313 627 2358 rutilus
653 2318 679 2355 8
712 2314 769 2367 ef.
792 2312 904 2356 XV.
923 2316 1015 2357 700
1056 2312 1222 2357 Rullus
1247 2314 1493 2359 Liuineius
1524 2319 1566 2359 et
1595 2313 1820 2358 Heinsius

136 2373 303 2417 Ruilus
337 2374 532 2417 Marsus
619 2375 704 2415 427
736 2370 934 2427 pubenti
958 2371 1183 2417 Schrader
1213 2371 1393 2417 bibenti
1419 2377 1445 2415 8
1478 2371 1657 2416 labenti
1681 2374 1819 2430 uulyo

131 2429 320 2477 florenti
359 2431 543 2485 Withof
581 2429 773 2486 flauenti
807 2455 859 2461 —
894 2444 1006 2475 aruo
1047 2431 1270 2476 Heinsius
1458 2435 1543 2475 428
1590 2430 1817 2489 Samium]

135 2491 318 2535 sanium
343 2494 451 2532 Lrv
484 2489 663 2533 senium
689 2492 719 2531 Ο
858 2493 944 2532 429
977 2488 1159 2533 clitium
1181 2494 1249 2532 LF
1282 2489 1464 2534 decium
1490 2494 1560 2532 ΟΥ
1587 2515 1639 2523 --
1668 2489 1819 2534 Salius

132 2549 380 2595 Liuineius
500 2552 586 2592 430
619 2547 713 2605 Ad]
748 2546 817 2591 Ob
850 2547 1074 2593 Schrader
1103 2574 1148 2581 -
1195 2549 1389 2605 clytium
1420 2554 1455 2591 F
1502 2547 1683 2593 clitium
1714 2553 1820 2592 Lov

136 2623 190 2654 ac
221 2608 416 2664 Lycium
458 2608 537 2661 (se.
570 2611 751 2660 nomen)
780 2606 926 2650 Bothe
1075 2611 1160 2651 432
1195 2606 1358 2652 Latius
1400 2608 1581 2662 Withof
1619 2606 1761 2652 latios
1793 2613 1819 2651 s

135 2668 232 2724 (sed
262 2668 314 2710 in
345 2671 376 2708 0
420 2679 534 2711 corr.
568 2679 623 2709 ex
653 2663 815 2719 latius)
857 2664 954 2709 late
986 2665 1235 2710 Liuineius
1266 2667 1437 2723 aliique
1461 2667 1596 2723 prob.
1628 2667 1821 2725 Bentley

136 2752 191 2758 —
210 2725 402 2770 Saeuior
422 2725 473 2768 in
488 2724 663 2780 Latios,
681 2724 880 2768 u.Bothe
939 2729 1025 2768 436
1043 2725 1200 2769 fuerat
1217 2725 1464 2770 Liuineius
1480 2750 1536 2758 —-
1553 2725 1730 2770 latioue
1749 2729 1821 2768 ΟΥ

133 2789 220 2829 437
254 2783 489 2828 effundere
522 2786 593 2825 ΟΥ
763 2787 846 2826 441
875 2782 1074 2840 Uirgilio
1107 2787 1178 2826 ΟΥ
1210 2809 1266 2815 -
1299 2784 1422 2828 Laus
1453 2785 1593 2829 Blass
1625 2810 1680 2817 -
1713 2798 1820 2828 acer

133 2845 306 2888 bosane
337 2847 370 2885 1.
417 2841 585 2886 acerbo
631 2854 736 2885 sans
769 2845 877 2884 FOV
925 2840 1072 2885 Sarris
1111 2843 1250 2900 uulqo
1298 2842 1423 2887 Satis
1456 2843 1647 2888 Marsus
1694 2842 1819 2887 Saris

135 2903 203 2947 ed.
228 2902 386 2946 Parm.
421 2901 592 2945 Sarnus
619 2901 841 2945 Heinsius
917 2905 1003 2944 442
1037 2901 1282 2957 cultusque
1307 2901 1531 2948 Schrader
1606 2906 1693 2947 443
1718 2902 1820 2946 noti

132 2962 252 3006 deest
281 2962 334 3004 in
366 2964 395 3002 0

227 3041 362 3075 Smms
386 3042 577 3075 IrAmcus
621 3042 671 3073 II.
1412 3040 1461 3078 12
