<?xml version="1.0" encoding="UTF-8"?>
<!DOCTYPE html PUBLIC "-//W3C//DTD XHTML 1.0 Transitional//EN"
    "http://www.w3.org/TR/xhtml1/DTD/xhtml1-transitional.dtd">
<html xmlns="http://www.w3.org/1999/xhtml" xml:lang="en" lang="en">
 <head>
  <title>
</title>
<meta http-equiv="Content-Type" content="text/html;charset=utf-8" />
  <meta name='ocr-system' content='tesseract 3.04.00' />
  <meta name='ocr-capabilities' content='ocr_page ocr_carea ocr_par ocr_line ocrx_word'/>
</head>
<body>
  <div class='ocr_page' id='page_1' title='image "./punicasili02siliuoft/punicasili02siliuoft_0198.png"; bbox 0 0 1988 3190; ppageno 0'>
   <div class='ocr_carea' id='block_1_1' title="bbox 190 113 1231 181">
    <p class='ocr_par' dir='ltr' id='par_1_1' title="bbox 190 113 1231 181">
     <span class='ocr_line' id='line_1_1' title="bbox 190 113 1231 181; baseline -0.011 0"><span class='ocrx_word' id='word_1_1' title='bbox 190 113 321 181; x_wconf 81' lang='grc'>184</span> <span class='ocrx_word' id='word_1_2' title='bbox 859 126 973 173; x_wconf 81' lang='lat' dir='ltr'>s1L1</span> <span class='ocrx_word' id='word_1_3' title='bbox 1002 125 1231 172; x_wconf 77' lang='lat' dir='ltr'>ITAmci</span> 
     </span>
    </p>
   </div>
   <div class='ocr_carea' id='block_1_2' title="bbox 188 261 1889 2333">
    <p class='ocr_par' dir='ltr' id='par_1_2' title="bbox 188 261 1889 2333">
     <span class='ocr_line' id='line_1_2' title="bbox 190 261 1748 334; baseline -0.001 -17"><span class='ocrx_word' id='word_1_4' title='bbox 190 264 278 317; x_wconf 89' lang='lat' dir='ltr'>Ad</span> <span class='ocrx_word' id='word_1_5' title='bbox 320 282 443 334; x_wconf 88' lang='lat' dir='ltr'>spes</span> <span class='ocrx_word' id='word_1_6' title='bbox 483 281 758 317; x_wconf 91' lang='lat' dir='ltr'>armorum</span> <span class='ocrx_word' id='word_1_7' title='bbox 796 262 981 316; x_wconf 90' lang='lat' dir='ltr'>uiuam</span> <span class='ocrx_word' id='word_1_8' title='bbox 1019 262 1139 316; x_wconf 79' lang='lat' dir='ltr'>tibi.</span> <span class='ocrx_word' id='word_1_9' title='bbox 1197 281 1327 316; x_wconf 90' lang='lat' dir='ltr'>nam</span> <span class='ocrx_word' id='word_1_10' title='bbox 1364 261 1523 316; x_wconf 91' lang='lat' dir='ltr'>modo</span> <span class='ocrx_word' id='word_1_11' title='bbox 1563 278 1748 333; x_wconf 87' lang='lat' dir='ltr'>pugna</span> 
     </span>
     <span class='ocr_line' id='line_1_3' title="bbox 188 337 1747 407; baseline -0.001 -15"><span class='ocrx_word' id='word_1_12' title='bbox 188 337 496 405; x_wconf 76' lang='lat' dir='ltr'>PraecelliS,</span> <span class='ocrx_word' id='word_1_13' title='bbox 534 337 774 391; x_wconf 87' lang='lat' dir='ltr'>resident</span> <span class='ocrx_word' id='word_1_14' title='bbox 809 337 1018 391; x_wconf 87' lang='lat' dir='ltr'>hostes:</span> <span class='ocrx_word' id='word_1_15' title='bbox 1057 337 1193 390; x_wconf 88' lang='lat' dir='ltr'>mihi</span> <span class='ocrx_word' id='word_1_16' title='bbox 1233 340 1426 406; x_wconf 86' lang='lat' dir='ltr'>satque</span> <span class='ocrx_word' id='word_1_17' title='bbox 1466 353 1747 407; x_wconf 84' lang='lat' dir='ltr'><strong>superque,</strong></span> 
     </span>
     <span class='ocr_line' id='line_1_4' title="bbox 190 411 1592 482; baseline -0.001 -16"><span class='ocrx_word' id='word_1_18' title='bbox 190 411 268 467; x_wconf 87' lang='lat' dir='ltr'>Ut</span> <span class='ocrx_word' id='word_1_19' title='bbox 307 430 392 465; x_wconf 90' lang='lat' dir='ltr'>me</span> <span class='ocrx_word' id='word_1_20' title='bbox 432 411 742 465; x_wconf 83' lang='lat' dir='ltr'>Dardaniae</span> <span class='ocrx_word' id='word_1_21' title='bbox 782 415 987 465; x_wconf 88' lang='lat' dir='ltr'>matres</span> <span class='ocrx_word' id='word_1_22' title='bbox 1027 414 1191 482; x_wconf 88' lang='lat' dir='ltr'>atque</span> <span class='ocrx_word' id='word_1_23' title='bbox 1230 411 1374 465; x_wconf 89' lang='lat' dir='ltr'>Itala</span> <span class='ocrx_word' id='word_1_24' title='bbox 1411 411 1592 477; x_wconf 76' lang='lat' dir='ltr'>tellus,</span> 
     </span>
     <span class='ocr_line' id='line_1_5' title="bbox 188 483 1883 555; baseline -0.001 -15"><span class='ocrx_word' id='word_1_25' title='bbox 188 486 335 540; x_wconf 90' lang='lat' dir='ltr'>Dum</span> <span class='ocrx_word' id='word_1_26' title='bbox 367 486 568 555; x_wconf 88' lang='lat' dir='ltr'>uiuam,</span> <span class='ocrx_word' id='word_1_27' title='bbox 607 489 896 555; x_wconf 72' lang='lat' dir='ltr'>expectent</span> <span class='ocrx_word' id='word_1_28' title='bbox 934 504 1034 539; x_wconf 92' lang='lat' dir='ltr'>nec</span> <span class='ocrx_word' id='word_1_29' title='bbox 1073 504 1261 555; x_wconf 89' lang='lat' dir='ltr'>pacem</span> <span class='ocrx_word' id='word_1_30' title='bbox 1293 488 1511 555; x_wconf 75' lang='lat' dir='ltr'>pectore</span> <span class='ocrx_word' id='word_1_31' title='bbox 1546 483 1770 539; x_wconf 66' lang='lat' dir='ltr'>norint?</span> <span class='ocrx_word' id='word_1_32' title='bbox 1796 497 1883 538; x_wconf 85' lang='lat'>615</span> 
     </span>
     <span class='ocr_line' id='line_1_6' title="bbox 191 559 1651 630; baseline -0.001 -16"><span class='ocrx_word' id='word_1_33' title='bbox 191 559 278 614; x_wconf 86' lang='lat' dir='ltr'>Sic</span> <span class='ocrx_word' id='word_1_34' title='bbox 317 560 543 630; x_wconf 80' lang='lat' dir='ltr'>rapitur,</span> <span class='ocrx_word' id='word_1_35' title='bbox 581 559 770 630; x_wconf 84' lang='lat' dir='ltr'>paucis</span> <span class='ocrx_word' id='word_1_36' title='bbox 809 559 1115 630; x_wconf 81' lang='lat' dir='ltr'>fugientum</span> <span class='ocrx_word' id='word_1_37' title='bbox 1154 560 1373 629; x_wconf 78' lang='lat' dir='ltr'>mixtuS,</span> <span class='ocrx_word' id='word_1_38' title='bbox 1413 562 1467 612; x_wconf 88' lang='lat' dir='ltr'>et-</span> <span class='ocrx_word' id='word_1_39' title='bbox 1507 559 1651 613; x_wconf 88' lang='lat' dir='ltr'>altos</span> 
     </span>
     <span class='ocr_line' id='line_1_7' title="bbox 188 634 1515 704; baseline -0.002 -16"><span class='ocrx_word' id='word_1_40' title='bbox 188 634 318 688; x_wconf 92' lang='lat' dir='ltr'>Inde</span> <span class='ocrx_word' id='word_1_41' title='bbox 358 634 497 704; x_wconf 86' lang='lat' dir='ltr'>petit</span> <span class='ocrx_word' id='word_1_42' title='bbox 535 638 682 688; x_wconf 89' lang='lat' dir='ltr'>retro</span> <span class='ocrx_word' id='word_1_43' title='bbox 723 635 925 687; x_wconf 90' lang='lat' dir='ltr'>montis</span> <span class='ocrx_word' id='word_1_44' title='bbox 964 637 1220 704; x_wconf 89' lang='lat' dir='ltr'>tutasque</span> <span class='ocrx_word' id='word_1_45' title='bbox 1258 634 1515 687; x_wconf 81' lang='lat' dir='ltr'>latebras,</span> 
     </span>
     <span class='ocr_line' id='line_1_8' title="bbox 263 708 1585 777; baseline 0 -16"><span class='ocrx_word' id='word_1_46' title='bbox 263 708 370 762; x_wconf 92' lang='lat' dir='ltr'>Hic</span> <span class='ocrx_word' id='word_1_47' title='bbox 408 708 531 761; x_wconf 88' lang='lat' dir='ltr'>finis</span> <span class='ocrx_word' id='word_1_48' title='bbox 570 708 731 762; x_wconf 91' lang='lat' dir='ltr'>bello.</span> <span class='ocrx_word' id='word_1_49' title='bbox 794 711 1106 762; x_wconf 87' lang='lat' dir='ltr'>reserantur</span> <span class='ocrx_word' id='word_1_50' title='bbox 1144 708 1395 777; x_wconf 92' lang='lat' dir='ltr'>protinus</span> <span class='ocrx_word' id='word_1_51' title='bbox 1437 725 1585 762; x_wconf 89' lang='lat' dir='ltr'>arces</span> 
     </span>
     <span class='ocr_line' id='line_1_9' title="bbox 191 781 1758 852; baseline -0.001 -16"><span class='ocrx_word' id='word_1_52' title='bbox 191 782 436 836; x_wconf 92' lang='lat' dir='ltr'>Ausonio</span> <span class='ocrx_word' id='word_1_53' title='bbox 475 783 585 835; x_wconf 89' lang='lat' dir='ltr'>iam</span> <span class='ocrx_word' id='word_1_54' title='bbox 626 785 819 852; x_wconf 88' lang='lat' dir='ltr'>sponte</span> <span class='ocrx_word' id='word_1_55' title='bbox 860 783 996 838; x_wconf 90' lang='lat' dir='ltr'>duci.</span> <span class='ocrx_word' id='word_1_56' title='bbox 1056 782 1176 835; x_wconf 88' lang='lat' dir='ltr'>iura</span> <span class='ocrx_word' id='word_1_57' title='bbox 1215 783 1465 852; x_wconf 89' lang='lat' dir='ltr'>improba</span> <span class='ocrx_word' id='word_1_58' title='bbox 1505 781 1758 852; x_wconf 87' lang='lat' dir='ltr'>adempta</span> 
     </span>
     <span class='ocr_line' id='line_1_10' title="bbox 190 856 1884 928; baseline 0 -19"><span class='ocrx_word' id='word_1_59' title='bbox 190 858 483 926; x_wconf 82' lang='lat' dir='ltr'>Armaque,</span> <span class='ocrx_word' id='word_1_60' title='bbox 523 859 579 910; x_wconf 91' lang='lat' dir='ltr'>et</span> <span class='ocrx_word' id='word_1_61' title='bbox 616 856 818 910; x_wconf 88' lang='lat' dir='ltr'>incisae</span> <span class='ocrx_word' id='word_1_62' title='bbox 858 858 1023 927; x_wconf 81' lang='lat' dir='ltr'>legeS,</span> <span class='ocrx_word' id='word_1_63' title='bbox 1062 856 1363 928; x_wconf 90' lang='lat' dir='ltr'>opibusque</span> <span class='ocrx_word' id='word_1_64' title='bbox 1405 856 1654 926; x_wconf 89' lang='lat' dir='ltr'>superbis</span> <span class='ocrx_word' id='word_1_65' title='bbox 1797 868 1884 910; x_wconf 84' lang='lat'>620</span> 
     </span>
     <span class='ocr_line' id='line_1_11' title="bbox 191 930 1541 1001; baseline 0 -17"><span class='ocrx_word' id='word_1_66' title='bbox 191 931 290 985; x_wconf 89' lang='lat' dir='ltr'>Uis</span> <span class='ocrx_word' id='word_1_67' title='bbox 329 931 521 1000; x_wconf 83' lang='lat' dir='ltr'>fracta,</span> <span class='ocrx_word' id='word_1_68' title='bbox 561 933 616 983; x_wconf 91' lang='lat' dir='ltr'>et</span> <span class='ocrx_word' id='word_1_69' title='bbox 653 931 839 1000; x_wconf 85' lang='lat' dir='ltr'>posuit</span> <span class='ocrx_word' id='word_1_70' title='bbox 878 933 1123 1001; x_wconf 85' lang='lat' dir='ltr'>gestatas</span> <span class='ocrx_word' id='word_1_71' title='bbox 1163 930 1322 984; x_wconf 91' lang='lat' dir='ltr'>belua</span> <span class='ocrx_word' id='word_1_72' title='bbox 1360 931 1541 984; x_wconf 74' lang='lat' dir='ltr'>turris</span> 
     </span>
     <span class='ocr_line' id='line_1_12' title="bbox 189 1004 1588 1075; baseline -0.001 -17"><span class='ocrx_word' id='word_1_73' title='bbox 189 1004 454 1059; x_wconf 87' lang='lat' dir='ltr'>Excelsae</span> <span class='ocrx_word' id='word_1_74' title='bbox 494 1008 612 1058; x_wconf 88' lang='lat' dir='ltr'>tum</span> <span class='ocrx_word' id='word_1_75' title='bbox 653 1023 817 1059; x_wconf 89' lang='lat' dir='ltr'>saeua</span> <span class='ocrx_word' id='word_1_76' title='bbox 855 1009 1002 1058; x_wconf 90' lang='lat' dir='ltr'>rates</span> <span class='ocrx_word' id='word_1_77' title='bbox 1044 1005 1353 1075; x_wconf 81' lang='lat' dir='ltr'>spectacula</span> <span class='ocrx_word' id='word_1_78' title='bbox 1391 1004 1588 1058; x_wconf 88' lang='lat' dir='ltr'>Poenis</span> 
     </span>
     <span class='ocr_line' id='line_1_13' title="bbox 189 1078 1721 1149; baseline -0.001 -17"><span class='ocrx_word' id='word_1_79' title='bbox 189 1078 599 1133; x_wconf 84' lang='lat' dir='ltr'>Flammiferam</span> <span class='ocrx_word' id='word_1_80' title='bbox 641 1097 892 1148; x_wconf 88' lang='lat' dir='ltr'>accepere</span> <span class='ocrx_word' id='word_1_81' title='bbox 930 1079 1121 1148; x_wconf 87' lang='lat' dir='ltr'>facem,</span> <span class='ocrx_word' id='word_1_82' title='bbox 1162 1079 1445 1149; x_wconf 88' lang='lat' dir='ltr'>subitaque</span> <span class='ocrx_word' id='word_1_83' title='bbox 1485 1078 1721 1148; x_wconf 89' lang='lat' dir='ltr'>procella</span> 
     </span>
     <span class='ocr_line' id='line_1_14' title="bbox 194 1151 1661 1222; baseline -0.001 -16"><span class='ocrx_word' id='word_1_84' title='bbox 194 1153 460 1206; x_wconf 85' lang='lat' dir='ltr'>Arserunt</span> <span class='ocrx_word' id='word_1_85' title='bbox 499 1152 688 1222; x_wconf 89' lang='lat' dir='ltr'>maria,</span> <span class='ocrx_word' id='word_1_86' title='bbox 729 1156 892 1222; x_wconf 91' lang='lat' dir='ltr'>atque</span> <span class='ocrx_word' id='word_1_87' title='bbox 932 1153 1153 1222; x_wconf 88' lang='lat' dir='ltr'>expauit</span> <span class='ocrx_word' id='word_1_88' title='bbox 1191 1152 1399 1205; x_wconf 88' lang='lat' dir='ltr'>lumina</span> <span class='ocrx_word' id='word_1_89' title='bbox 1436 1151 1661 1206; x_wconf 69' lang='lat' dir='ltr'>Nereus</span> 
     </span>
     <span class='ocr_line' id='line_1_15' title="bbox 266 1225 1884 1297; baseline -0.002 -16"><span class='ocrx_word' id='word_1_90' title='bbox 266 1225 511 1281; x_wconf 86' lang='lat' dir='ltr'>Mansuri</span> <span class='ocrx_word' id='word_1_91' title='bbox 550 1244 771 1295; x_wconf 89' lang='lat' dir='ltr'>compos</span> <span class='ocrx_word' id='word_1_92' title='bbox 812 1226 1019 1280; x_wconf 90' lang='lat' dir='ltr'>decoris</span> <span class='ocrx_word' id='word_1_93' title='bbox 1059 1244 1156 1297; x_wconf 91' lang='lat' dir='ltr'>per</span> <span class='ocrx_word' id='word_1_94' title='bbox 1195 1227 1408 1280; x_wconf 89' lang='lat' dir='ltr'>saecula</span> <span class='ocrx_word' id='word_1_95' title='bbox 1446 1229 1639 1291; x_wconf 91' lang='lat' dir='ltr'>rector,</span> <span class='ocrx_word' id='word_1_96' title='bbox 1798 1237 1884 1280; x_wconf 83' lang='lat'>625</span> 
     </span>
     <span class='ocr_line' id='line_1_16' title="bbox 193 1300 1577 1370; baseline -0.001 -15"><span class='ocrx_word' id='word_1_97' title='bbox 193 1301 453 1355; x_wconf 89' lang='lat' dir='ltr'>Deuictae</span> <span class='ocrx_word' id='word_1_98' title='bbox 493 1300 733 1354; x_wconf 88' lang='lat' dir='ltr'>referens</span> <span class='ocrx_word' id='word_1_99' title='bbox 772 1300 980 1370; x_wconf 92' lang='lat' dir='ltr'>primus</span> <span class='ocrx_word' id='word_1_100' title='bbox 1021 1300 1346 1370; x_wconf 83' lang='lat' dir='ltr'>cognomina</span> <span class='ocrx_word' id='word_1_101' title='bbox 1384 1303 1577 1370; x_wconf 88' lang='lat' dir='ltr'>terrae,</span> 
     </span>
     <span class='ocr_line' id='line_1_17' title="bbox 194 1373 1582 1445; baseline -0.001 -17"><span class='ocrx_word' id='word_1_102' title='bbox 194 1375 422 1430; x_wconf 81' lang='lat' dir='ltr'>Securus</span> <span class='ocrx_word' id='word_1_103' title='bbox 465 1374 683 1445; x_wconf 82' lang='lat' dir='ltr'>sceptri,</span> <span class='ocrx_word' id='word_1_104' title='bbox 721 1374 922 1444; x_wconf 86' lang='lat' dir='ltr'>repetit</span> <span class='ocrx_word' id='word_1_105' title='bbox 960 1393 1057 1443; x_wconf 90' lang='lat' dir='ltr'>per</span> <span class='ocrx_word' id='word_1_106' title='bbox 1096 1374 1310 1428; x_wconf 89' lang='lat' dir='ltr'>caerula</span> <span class='ocrx_word' id='word_1_107' title='bbox 1348 1373 1582 1427; x_wconf 84' lang='lat' dir='ltr'>Romam</span> 
     </span>
     <span class='ocr_line' id='line_1_18' title="bbox 193 1448 1582 1519; baseline -0.001 -16"><span class='ocrx_word' id='word_1_108' title='bbox 193 1451 268 1503; x_wconf 87' lang='lat' dir='ltr'>Et</span> <span class='ocrx_word' id='word_1_109' title='bbox 308 1449 488 1519; x_wconf 88' lang='lat' dir='ltr'>patria</span> <span class='ocrx_word' id='word_1_110' title='bbox 526 1449 807 1502; x_wconf 85' lang='lat' dir='ltr'>inuehitur</span> <span class='ocrx_word' id='word_1_111' title='bbox 846 1448 1069 1502; x_wconf 87' lang='lat' dir='ltr'>sublimi</span> <span class='ocrx_word' id='word_1_112' title='bbox 1106 1451 1252 1502; x_wconf 88' lang='lat' dir='ltr'>tecta</span> <span class='ocrx_word' id='word_1_113' title='bbox 1290 1448 1582 1518; x_wconf 75' lang='lat' dir='ltr'>triumpho,</span> 
     </span>
     <span class='ocr_line' id='line_1_19' title="bbox 191 1521 1730 1593; baseline -0.001 -16"><span class='ocrx_word' id='word_1_114' title='bbox 191 1523 337 1577; x_wconf 90' lang='lat' dir='ltr'>Ante</span> <span class='ocrx_word' id='word_1_115' title='bbox 378 1523 613 1593; x_wconf 77' lang='lat' dir='ltr'>SyphaX‚</span> <span class='ocrx_word' id='word_1_116' title='bbox 652 1523 851 1577; x_wconf 88' lang='lat' dir='ltr'>feretro</span> <span class='ocrx_word' id='word_1_117' title='bbox 892 1522 1152 1592; x_wconf 78' lang='lat' dir='ltr'>residenS,</span> <span class='ocrx_word' id='word_1_118' title='bbox 1191 1523 1410 1591; x_wconf 90' lang='lat' dir='ltr'>captiua</span> <span class='ocrx_word' id='word_1_119' title='bbox 1447 1521 1730 1592; x_wconf 89' lang='lat' dir='ltr'>premebat</span> 
     </span>
     <span class='ocr_line' id='line_1_20' title="bbox 193 1596 1888 1662; baseline -0.001 -11"><span class='ocrx_word' id='word_1_120' title='bbox 193 1598 444 1662; x_wconf 90' lang='lat' dir='ltr'>Lumina,</span> <span class='ocrx_word' id='word_1_121' title='bbox 484 1600 538 1650; x_wconf 91' lang='lat' dir='ltr'>et</span> <span class='ocrx_word' id='word_1_122' title='bbox 579 1601 802 1650; x_wconf 88' lang='lat' dir='ltr'>auratae</span> <span class='ocrx_word' id='word_1_123' title='bbox 844 1597 1135 1650; x_wconf 88' lang='lat' dir='ltr'>seruabant</span> <span class='ocrx_word' id='word_1_124' title='bbox 1175 1596 1314 1650; x_wconf 87' lang='lat' dir='ltr'>colla</span> <span class='ocrx_word' id='word_1_125' title='bbox 1355 1599 1590 1650; x_wconf 87' lang='lat' dir='ltr'>catenae.</span> <span class='ocrx_word' id='word_1_126' title='bbox 1802 1609 1888 1650; x_wconf 86' lang='lat'>630</span> 
     </span>
     <span class='ocr_line' id='line_1_21' title="bbox 194 1670 1659 1741; baseline -0.001 -17"><span class='ocrx_word' id='word_1_127' title='bbox 194 1672 299 1725; x_wconf 93' lang='lat' dir='ltr'>Hic</span> <span class='ocrx_word' id='word_1_128' title='bbox 338 1671 576 1724; x_wconf 89' lang='lat' dir='ltr'>Hannon</span> <span class='ocrx_word' id='word_1_129' title='bbox 615 1672 852 1741; x_wconf 92' lang='lat' dir='ltr'>clarique</span> <span class='ocrx_word' id='word_1_130' title='bbox 893 1688 1062 1741; x_wconf 85' lang='lat' dir='ltr'>genus</span> <span class='ocrx_word' id='word_1_131' title='bbox 1102 1670 1400 1724; x_wconf 88' lang='lat' dir='ltr'>Phoenissa</span> <span class='ocrx_word' id='word_1_132' title='bbox 1437 1670 1659 1724; x_wconf 79' lang='lat' dir='ltr'>iuuenta.</span> 
     </span>
     <span class='ocr_line' id='line_1_22' title="bbox 192 1744 1724 1815; baseline -0.001 -16"><span class='ocrx_word' id='word_1_133' title='bbox 192 1746 270 1799; x_wconf 85' lang='lat' dir='ltr'>Et</span> <span class='ocrx_word' id='word_1_134' title='bbox 308 1745 583 1799; x_wconf 89' lang='lat' dir='ltr'>Macetum</span> <span class='ocrx_word' id='word_1_135' title='bbox 622 1745 787 1815; x_wconf 91' lang='lat' dir='ltr'>primi</span> <span class='ocrx_word' id='word_1_136' title='bbox 827 1748 988 1815; x_wconf 91' lang='lat' dir='ltr'>atque</span> <span class='ocrx_word' id='word_1_137' title='bbox 1027 1745 1225 1799; x_wconf 87' lang='lat' dir='ltr'>incocti</span> <span class='ocrx_word' id='word_1_138' title='bbox 1266 1763 1492 1814; x_wconf 88' lang='lat' dir='ltr'>corpora</span> <span class='ocrx_word' id='word_1_139' title='bbox 1529 1744 1724 1814; x_wconf 90' lang='lat' dir='ltr'>Mauri,</span> 
     </span>
     <span class='ocr_line' id='line_1_23' title="bbox 195 1818 1889 1888; baseline -0.001 -15"><span class='ocrx_word' id='word_1_140' title='bbox 195 1820 337 1873; x_wconf 87' lang='lat' dir='ltr'>Tum</span> <span class='ocrx_word' id='word_1_141' title='bbox 376 1818 650 1872; x_wconf 88' lang='lat' dir='ltr'>Nomades</span> <span class='ocrx_word' id='word_1_142' title='bbox 697 1822 968 1888; x_wconf 88' lang='lat' dir='ltr'>notusque</span> <span class='ocrx_word' id='word_1_143' title='bbox 1010 1837 1186 1888; x_wconf 88' lang='lat' dir='ltr'>sacro,</span> <span class='ocrx_word' id='word_1_144' title='bbox 1235 1837 1356 1871; x_wconf 90' lang='lat' dir='ltr'>cum</span> <span class='ocrx_word' id='word_1_145' title='bbox 1403 1819 1602 1871; x_wconf 89' lang='lat' dir='ltr'>lustrat</span> <span class='ocrx_word' id='word_1_146' title='bbox 1640 1818 1889 1887; x_wconf 83' lang='lat' dir='ltr'>harenaS,</span> 
     </span>
     <span class='ocr_line' id='line_1_24' title="bbox 192 1890 1667 1961; baseline -0.001 -15"><span class='ocrx_word' id='word_1_147' title='bbox 192 1893 490 1946; x_wconf 89' lang='lat' dir='ltr'>Hammoni</span> <span class='ocrx_word' id='word_1_148' title='bbox 524 1894 788 1946; x_wconf 86' lang='lat' dir='ltr'>Garamas</span> <span class='ocrx_word' id='word_1_149' title='bbox 823 1896 877 1945; x_wconf 89' lang='lat' dir='ltr'>et</span> <span class='ocrx_word' id='word_1_150' title='bbox 917 1910 1128 1961; x_wconf 89' lang='lat' dir='ltr'>semper</span> <span class='ocrx_word' id='word_1_151' title='bbox 1166 1892 1431 1961; x_wconf 82' lang='lat' dir='ltr'>naufraga</span> <span class='ocrx_word' id='word_1_152' title='bbox 1474 1890 1667 1961; x_wconf 79' lang='lat' dir='ltr'>Syrtis·</span> 
     </span>
     <span class='ocr_line' id='line_1_25' title="bbox 194 1964 1888 2035; baseline -0.001 -15"><span class='ocrx_word' id='word_1_153' title='bbox 194 1966 324 2021; x_wconf 85' lang='lat' dir='ltr'>Mox</span> <span class='ocrx_word' id='word_1_154' title='bbox 363 1966 538 2019; x_wconf 85' lang='lat' dir='ltr'>uictas</span> <span class='ocrx_word' id='word_1_155' title='bbox 578 1967 805 2019; x_wconf 86' lang='lat' dir='ltr'>tendens</span> <span class='ocrx_word' id='word_1_156' title='bbox 847 1964 1124 2035; x_wconf 85' lang='lat' dir='ltr'>Carthago</span> <span class='ocrx_word' id='word_1_157' title='bbox 1167 1966 1234 2018; x_wconf 91' lang='lat' dir='ltr'>ad</span> <span class='ocrx_word' id='word_1_158' title='bbox 1275 1966 1450 2019; x_wconf 90' lang='lat' dir='ltr'>sidera</span> <span class='ocrx_word' id='word_1_159' title='bbox 1489 1966 1700 2034; x_wconf 86' lang='lat' dir='ltr'>palmas</span> <span class='ocrx_word' id='word_1_160' title='bbox 1802 1978 1888 2019; x_wconf 85' lang='lat'>635</span> 
     </span>
     <span class='ocr_line' id='line_1_26' title="bbox 194 2038 1449 2109; baseline -0.001 -15"><span class='ocrx_word' id='word_1_161' title='bbox 194 2040 320 2094; x_wconf 88' lang='lat' dir='ltr'>Ibat</span> <span class='ocrx_word' id='word_1_162' title='bbox 360 2044 414 2094; x_wconf 91' lang='lat' dir='ltr'>et</span> <span class='ocrx_word' id='word_1_163' title='bbox 455 2040 663 2109; x_wconf 82' lang='lat' dir='ltr'>effigies</span> <span class='ocrx_word' id='word_1_164' title='bbox 704 2058 829 2094; x_wconf 90' lang='lat' dir='ltr'>orae</span> <span class='ocrx_word' id='word_1_165' title='bbox 869 2041 979 2093; x_wconf 88' lang='lat' dir='ltr'>iam</span> <span class='ocrx_word' id='word_1_166' title='bbox 1021 2040 1157 2093; x_wconf 90' lang='lat' dir='ltr'>lenis</span> <span class='ocrx_word' id='word_1_167' title='bbox 1198 2038 1449 2104; x_wconf 88' lang='lat' dir='ltr'>Hiberae,</span> 
     </span>
     <span class='ocr_line' id='line_1_27' title="bbox 196 2114 1435 2168; baseline -0.001 -1"><span class='ocrx_word' id='word_1_168' title='bbox 196 2115 486 2168; x_wconf 88' lang='lat' dir='ltr'>Terrarum</span> <span class='ocrx_word' id='word_1_169' title='bbox 525 2115 649 2167; x_wconf 93' lang='lat' dir='ltr'>finis</span> <span class='ocrx_word' id='word_1_170' title='bbox 691 2114 869 2168; x_wconf 81' lang='lat' dir='ltr'>Gades</span> <span class='ocrx_word' id='word_1_171' title='bbox 910 2133 972 2168; x_wconf 90' lang='lat' dir='ltr'>ac</span> <span class='ocrx_word' id='word_1_172' title='bbox 1011 2114 1262 2167; x_wconf 88' lang='lat' dir='ltr'>laudibus</span> <span class='ocrx_word' id='word_1_173' title='bbox 1303 2114 1435 2166; x_wconf 90' lang='lat' dir='ltr'>olim</span> 
     </span>
     <span class='ocr_line' id='line_1_28' title="bbox 195 2186 1568 2257; baseline -0.001 -16"><span class='ocrx_word' id='word_1_174' title='bbox 195 2189 481 2243; x_wconf 87' lang='lat' dir='ltr'>Terminus</span> <span class='ocrx_word' id='word_1_175' title='bbox 521 2187 803 2242; x_wconf 91' lang='lat' dir='ltr'>Herculeis</span> <span class='ocrx_word' id='word_1_176' title='bbox 846 2186 1014 2257; x_wconf 85' lang='lat' dir='ltr'>Calpe</span> <span class='ocrx_word' id='word_1_177' title='bbox 1052 2187 1344 2257; x_wconf 84' lang='lat' dir='ltr'>Baetisque</span> <span class='ocrx_word' id='word_1_178' title='bbox 1384 2188 1568 2241; x_wconf 88' lang='lat' dir='ltr'>lauare</span> 
     </span>
     <span class='ocr_line' id='line_1_29' title="bbox 197 2261 1534 2333; baseline -0.001 -17"><span class='ocrx_word' id='word_1_179' title='bbox 197 2262 340 2317; x_wconf 82' lang='lat' dir='ltr'>Solis</span> <span class='ocrx_word' id='word_1_180' title='bbox 383 2281 550 2333; x_wconf 89' lang='lat' dir='ltr'>equos</span> <span class='ocrx_word' id='word_1_181' title='bbox 592 2263 736 2317; x_wconf 89' lang='lat' dir='ltr'>dulci</span> <span class='ocrx_word' id='word_1_182' title='bbox 775 2267 1064 2317; x_wconf 84' lang='lat' dir='ltr'>consuetus</span> <span class='ocrx_word' id='word_1_183' title='bbox 1097 2261 1334 2315; x_wconf 89' lang='lat' dir='ltr'>fluminis</span> <span class='ocrx_word' id='word_1_184' title='bbox 1375 2262 1534 2315; x_wconf 88' lang='lat' dir='ltr'>unda.</span> 
     </span>
    </p>
   </div>
   <div class='ocr_carea' id='block_1_3' title="bbox 195 2361 552 2368">
    <p class='ocr_par' dir='ltr' id='par_1_3' title="bbox 195 2361 552 2368">
     <span class='ocr_line' id='line_1_30' title="bbox 195 2361 552 2368; baseline 0 822"><span class='ocrx_word' id='word_1_185' title='bbox 195 2361 552 2368; x_wconf 95' lang='lat' dir='ltr'> </span> 
     </span>
    </p>
   </div>
   <div class='ocr_carea' id='block_1_4' title="bbox 197 2405 1889 2522">
    <p class='ocr_par' dir='ltr' id='par_1_4' title="bbox 197 2405 1889 2522">
     <span class='ocr_line' id='line_1_31' title="bbox 316 2405 1887 2454; baseline -0.002 0"><span class='ocrx_word' id='word_1_186' title='bbox 316 2414 401 2454; x_wconf 87' lang='grc'>613</span> <span class='ocrx_word' id='word_1_187' title='bbox 433 2407 659 2453; x_wconf 88' lang='lat' dir='ltr'>Procellis</span> <span class='ocrx_word' id='word_1_188' title='bbox 694 2412 724 2450; x_wconf 93' lang='lat'><strong>0</strong></span> <span class='ocrx_word' id='word_1_189' title='bbox 759 2434 813 2441; x_wconf 92' lang='lat'>-—</span> <span class='ocrx_word' id='word_1_190' title='bbox 845 2408 1096 2453; x_wconf 83' lang='lat' dir='ltr'>Praecellis</span> <span class='ocrx_word' id='word_1_191' title='bbox 1137 2407 1312 2452; x_wconf 86' lang='lat' dir='ltr'>resides</span> <span class='ocrx_word' id='word_1_192' title='bbox 1351 2408 1511 2452; x_wconf 84' lang='lat' dir='ltr'>hostes</span> <span class='ocrx_word' id='word_1_193' title='bbox 1543 2406 1766 2452; x_wconf 72' lang='lat' dir='ltr'>Heinsius</span> <span class='ocrx_word' id='word_1_194' title='bbox 1813 2405 1887 2451; x_wconf 89' lang='lat' dir='ltr'>Pr.</span> 
     </span>
     <span class='ocr_line' id='line_1_32' title="bbox 197 2465 1889 2522; baseline -0.001 -11"><span class='ocrx_word' id='word_1_195' title='bbox 197 2468 483 2513; x_wconf 84' lang='lat' dir='ltr'>residentem</span> <span class='ocrx_word' id='word_1_196' title='bbox 515 2468 700 2512; x_wconf 88' lang='lat' dir='ltr'>hostem</span> <span class='ocrx_word' id='word_1_197' title='bbox 724 2468 870 2512; x_wconf 78' lang='lat' dir='ltr'>Bothe</span> <span class='ocrx_word' id='word_1_198' title='bbox 908 2468 1114 2513; x_wconf 88' lang='lat' dir='ltr'>resident</span> <span class='ocrx_word' id='word_1_199' title='bbox 1143 2468 1302 2511; x_wconf 81' lang='lat' dir='ltr'>hostes</span> <span class='ocrx_word' id='word_1_200' title='bbox 1327 2465 1446 2509; x_wconf 90' lang='lat' dir='ltr'>mihi</span> <span class='ocrx_word' id='word_1_201' title='bbox 1470 2468 1635 2522; x_wconf 85' lang='lat' dir='ltr'>satque</span> <span class='ocrx_word' id='word_1_202' title='bbox 1659 2477 1889 2522; x_wconf 80' lang='lat' dir='ltr'>superque</span> 
     </span>
    </p>
   </div>
   <div class='ocr_carea' id='block_1_5' title="bbox 195 2523 1890 2700">
    <p class='ocr_par' dir='ltr' id='par_1_5' title="bbox 195 2523 1890 2700">
     <span class='ocr_line' id='line_1_33' title="bbox 195 2523 1890 2585; baseline -0.002 -13"><span class='ocrx_word' id='word_1_203' title='bbox 195 2530 330 2585; x_wconf 72' lang='lat' dir='ltr'>iwnyi</span> <span class='ocrx_word' id='word_1_204' title='bbox 361 2529 463 2573; x_wconf 79' lang='lat' dir='ltr'>uult</span> <span class='ocrx_word' id='word_1_205' title='bbox 493 2527 647 2572; x_wconf 75' lang='lat' dir='ltr'>Barth</span> <span class='ocrx_word' id='word_1_206' title='bbox 821 2531 920 2571; x_wconf 84' lang='lat'>612.</span> <span class='ocrx_word' id='word_1_207' title='bbox 948 2531 1033 2571; x_wconf 87' lang='grc'>613</span> <span class='ocrx_word' id='word_1_208' title='bbox 1067 2527 1178 2571; x_wconf 92' lang='lat' dir='ltr'>dum</span> <span class='ocrx_word' id='word_1_209' title='bbox 1208 2541 1269 2570; x_wconf 89' lang='lat' dir='ltr'>m.</span> <span class='ocrx_word' id='word_1_210' title='bbox 1302 2541 1347 2581; x_wconf 91' lang='lat' dir='ltr'>p.</span> <span class='ocrx_word' id='word_1_211' title='bbox 1381 2523 1646 2580; x_wconf 85' lang='lat' dir='ltr'>Praecellis,</span> <span class='ocrx_word' id='word_1_212' title='bbox 1679 2523 1890 2569; x_wconf 87' lang='lat' dir='ltr'>resident</span> 
     </span>
     <span class='ocr_line' id='line_1_34' title="bbox 195 2583 1888 2642; baseline -0.002 -11"><span class='ocrx_word' id='word_1_213' title='bbox 195 2586 354 2631; x_wconf 84' lang='lat' dir='ltr'>hostes</span> <span class='ocrx_word' id='word_1_214' title='bbox 396 2585 513 2630; x_wconf 89' lang='lat' dir='ltr'>mihi</span> <span class='ocrx_word' id='word_1_215' title='bbox 556 2602 591 2630; x_wconf 91' lang='lat' dir='ltr'>s.</span> <span class='ocrx_word' id='word_1_216' title='bbox 633 2601 667 2630; x_wconf 86' lang='lat' dir='ltr'>s.</span> <span class='ocrx_word' id='word_1_217' title='bbox 707 2586 908 2642; x_wconf 72' lang='lat' dir='ltr'>Ruperti</span> <span class='ocrx_word' id='word_1_218' title='bbox 959 2601 1069 2630; x_wconf 89' lang='lat' dir='ltr'>nam</span> <span class='ocrx_word' id='word_1_219' title='bbox 1109 2600 1169 2630; x_wconf 90' lang='lat' dir='ltr'>m.</span> <span class='ocrx_word' id='word_1_220' title='bbox 1210 2601 1253 2642; x_wconf 91' lang='lat' dir='ltr'>p</span> <span class='ocrx_word' id='word_1_221' title='bbox 1295 2583 1567 2629; x_wconf 86' lang='lat' dir='ltr'>Praecellis.</span> <span class='ocrx_word' id='word_1_222' title='bbox 1615 2583 1698 2628; x_wconf 86' lang='lat' dir='ltr'>sed</span> <span class='ocrx_word' id='word_1_223' title='bbox 1736 2583 1888 2628; x_wconf 83' lang='lat' dir='ltr'>adhuc</span> 
     </span>
     <span class='ocr_line' id='line_1_35' title="bbox 196 2643 1887 2700; baseline -0.002 -12"><span class='ocrx_word' id='word_1_224' title='bbox 196 2644 357 2690; x_wconf 81' lang='lat' dir='ltr'>hostes</span> <span class='ocrx_word' id='word_1_225' title='bbox 399 2646 585 2700; x_wconf 79' lang='lat' dir='ltr'>Withof</span> <span class='ocrx_word' id='word_1_226' title='bbox 758 2650 844 2690; x_wconf 89' lang='grc'>616</span> <span class='ocrx_word' id='word_1_227' title='bbox 883 2646 1123 2690; x_wconf 83' lang='lat' dir='ltr'>immixtus</span> <span class='ocrx_word' id='word_1_228' title='bbox 1157 2645 1379 2688; x_wconf 77' lang='lat' dir='ltr'>Heinsius</span> <span class='ocrx_word' id='word_1_229' title='bbox 1560 2647 1646 2689; x_wconf 90' lang='lat'>618</span> <span class='ocrx_word' id='word_1_230' title='bbox 1686 2643 1811 2687; x_wconf 86' lang='lat' dir='ltr'>artes</span> <span class='ocrx_word' id='word_1_231' title='bbox 1854 2646 1887 2684; x_wconf 99' lang='lat' dir='ltr'>L</span> 
     </span>
    </p>
   </div>
   <div class='ocr_carea' id='block_1_6' title="bbox 156 2701 1888 2996">
    <p class='ocr_par' dir='ltr' id='par_1_6' title="bbox 156 2701 1888 2996">
     <span class='ocr_line' id='line_1_36' title="bbox 198 2701 1888 2762; baseline -0.002 -14"><span class='ocrx_word' id='word_1_232' title='bbox 198 2709 284 2748; x_wconf 84' lang='lat'>620</span> <span class='ocrx_word' id='word_1_233' title='bbox 325 2703 580 2762; x_wconf 86' lang='lat' dir='ltr'>Armaque]</span> <span class='ocrx_word' id='word_1_234' title='bbox 623 2703 778 2760; x_wconf 82' lang='lat' dir='ltr'>Atque</span> <span class='ocrx_word' id='word_1_235' title='bbox 818 2704 917 2749; x_wconf 89' lang='lat' dir='ltr'>aeri</span> <span class='ocrx_word' id='word_1_236' title='bbox 955 2705 1044 2749; x_wconf 90' lang='lat' dir='ltr'>inc.</span> <span class='ocrx_word' id='word_1_237' title='bbox 1085 2705 1159 2748; x_wconf 83' lang='lat' dir='ltr'>uel</span> <span class='ocrx_word' id='word_1_238' title='bbox 1197 2703 1413 2759; x_wconf 87' lang='lat' dir='ltr'>Aeraque</span> <span class='ocrx_word' id='word_1_239' title='bbox 1453 2703 1502 2746; x_wconf 84' lang='lat' dir='ltr'>et</span> <span class='ocrx_word' id='word_1_240' title='bbox 1538 2701 1629 2747; x_wconf 92' lang='lat' dir='ltr'>inc.</span> <span class='ocrx_word' id='word_1_241' title='bbox 1662 2701 1888 2747; x_wconf 74' lang='lat' dir='ltr'>Heinsius</span> 
     </span>
     <span class='ocr_line' id='line_1_37' title="bbox 195 2759 1888 2828; baseline -0.002 -22"><span class='ocrx_word' id='word_1_242' title='bbox 195 2763 414 2819; x_wconf 69' lang='lat' dir='ltr'>Aruaque</span> <span class='ocrx_word' id='word_1_243' title='bbox 441 2763 737 2820; x_wconf 77' lang='lat' dir='ltr'>Dausqueius</span> <span class='ocrx_word' id='word_1_244' title='bbox 762 2789 815 2795; x_wconf 92' lang='lat'>—</span> <span class='ocrx_word' id='word_1_245' title='bbox 842 2763 1022 2807; x_wconf 85' lang='lat' dir='ltr'>inuisae</span> <span class='ocrx_word' id='word_1_246' title='bbox 1051 2763 1234 2817; x_wconf 82' lang='lat' dir='ltr'>Withof</span> <span class='ocrx_word' id='word_1_247' title='bbox 1347 2766 1433 2806; x_wconf 87' lang='grc'>624</span> <span class='ocrx_word' id='word_1_248' title='bbox 1466 2760 1664 2828; x_wconf 78' lang='lat' dir='ltr'>lumina]</span> <span class='ocrx_word' id='word_1_249' title='bbox 1690 2759 1888 2804; x_wconf 89' lang='lat' dir='ltr'>fulmina</span> 
     </span>
     <span class='ocr_line' id='line_1_38' title="bbox 197 2819 1888 2888; baseline -0.001 -22"><span class='ocrx_word' id='word_1_250' title='bbox 197 2822 423 2866; x_wconf 74' lang='lat' dir='ltr'>Heinsius</span> <span class='ocrx_word' id='word_1_251' title='bbox 455 2848 510 2855; x_wconf 86' lang='lat'>-</span> <span class='ocrx_word' id='word_1_252' title='bbox 542 2822 727 2880; x_wconf 87' lang='lat' dir='ltr'>nereus]</span> <span class='ocrx_word' id='word_1_253' title='bbox 761 2821 916 2866; x_wconf 69' lang='lat' dir='ltr'>neruis</span> <span class='ocrx_word' id='word_1_254' title='bbox 947 2827 980 2865; x_wconf 90' lang='lat' dir='ltr'>L</span> <span class='ocrx_word' id='word_1_255' title='bbox 1131 2826 1215 2866; x_wconf 88' lang='grc'>627</span> <span class='ocrx_word' id='word_1_256' title='bbox 1251 2821 1445 2888; x_wconf 86' lang='lat' dir='ltr'>sceptri]</span> <span class='ocrx_word' id='word_1_257' title='bbox 1479 2819 1635 2878; x_wconf 89' lang='lat' dir='ltr'>coepti</span> <span class='ocrx_word' id='word_1_258' title='bbox 1666 2819 1888 2864; x_wconf 80' lang='lat' dir='ltr'>Heinsius</span> 
     </span>
     <span class='ocr_line' id='line_1_39' title="bbox 156 2877 1888 2926; baseline -0.003 0"><span class='ocrx_word' id='word_1_259' title='bbox 156 2907 161 2913; x_wconf 91' lang='lat'><strong>·</strong></span> <span class='ocrx_word' id='word_1_260' title='bbox 198 2885 281 2926; x_wconf 91' lang='lat'>631</span> <span class='ocrx_word' id='word_1_261' title='bbox 317 2879 442 2924; x_wconf 88' lang='lat' dir='ltr'>Hinc</span> <span class='ocrx_word' id='word_1_262' title='bbox 477 2885 547 2923; x_wconf 90' lang='lat' dir='ltr'>OV</span> <span class='ocrx_word' id='word_1_263' title='bbox 671 2886 758 2926; x_wconf 87' lang='lat'>634</span> <span class='ocrx_word' id='word_1_264' title='bbox 789 2880 1012 2925; x_wconf 90' lang='lat' dir='ltr'>Hannoni</span> <span class='ocrx_word' id='word_1_265' title='bbox 1043 2886 1075 2923; x_wconf 95' lang='lat' dir='ltr'>L</span> <span class='ocrx_word' id='word_1_266' title='bbox 1184 2885 1269 2925; x_wconf 88' lang='lat'>636</span> <span class='ocrx_word' id='word_1_267' title='bbox 1301 2879 1421 2925; x_wconf 87' lang='lat' dir='ltr'>leuis</span> <span class='ocrx_word' id='word_1_268' title='bbox 1448 2885 1473 2922; x_wconf 84' lang='lat' dir='ltr'>S</span> <span class='ocrx_word' id='word_1_269' title='bbox 1579 2883 1665 2924; x_wconf 82' lang='grc'>637</span> <span class='ocrx_word' id='word_1_270' title='bbox 1698 2879 1747 2923; x_wconf 87' lang='lat' dir='ltr'>et</span> <span class='ocrx_word' id='word_1_271' title='bbox 1783 2877 1888 2921; x_wconf 88' lang='lat' dir='ltr'>finis</span> 
     </span>
     <span class='ocr_line' id='line_1_40' title="bbox 198 2938 1888 2996; baseline -0.003 -10"><span class='ocrx_word' id='word_1_272' title='bbox 198 2940 427 2986; x_wconf 78' lang='lat' dir='ltr'>Heinsius</span> <span class='ocrx_word' id='word_1_273' title='bbox 497 2944 582 2984; x_wconf 86' lang='lat'>638</span> <span class='ocrx_word' id='word_1_274' title='bbox 615 2939 848 2984; x_wconf 88' lang='lat' dir='ltr'>hercideis</span> <span class='ocrx_word' id='word_1_275' title='bbox 882 2945 914 2982; x_wconf 89' lang='lat' dir='ltr'>L</span> <span class='ocrx_word' id='word_1_276' title='bbox 949 2965 1001 2973; x_wconf 90' lang='lat'>—</span> <span class='ocrx_word' id='word_1_277' title='bbox 1036 2940 1169 2996; x_wconf 87' lang='lat' dir='ltr'>calpe</span> <span class='ocrx_word' id='word_1_278' title='bbox 1202 2941 1321 2985; x_wconf 78' lang='lat' dir='ltr'>deest</span> <span class='ocrx_word' id='word_1_279' title='bbox 1350 2940 1403 2984; x_wconf 88' lang='lat' dir='ltr'>in</span> <span class='ocrx_word' id='word_1_280' title='bbox 1435 2943 1465 2982; x_wconf 91' lang='lat'><strong>0</strong></span> <span class='ocrx_word' id='word_1_281' title='bbox 1491 2965 1547 2972; x_wconf 94' lang='lat'>—</span> <span class='ocrx_word' id='word_1_282' title='bbox 1573 2938 1828 2994; x_wconf 84' lang='lat' dir='ltr'>baetesque</span> <span class='ocrx_word' id='word_1_283' title='bbox 1861 2941 1888 2980; x_wconf 78' lang='grc'><strong>8</strong></span> 
     </span>
    </p>
   </div>
  </div>
 </body>
</html>
