1988 3190
221 158 295 214 64
886 156 1002 202 SILI
1030 156 1254 202 ITALICI

214 295 388 359 Fama
424 294 570 348 tulit.
631 293 780 347 duris
822 311 1149 364 quamquam
1185 311 1295 346 non
1335 293 1522 346 cedere
1562 295 1763 363 suetus,

215 368 442 422 Pulsato
482 368 688 421 lacerat
725 367 996 421 uiolenter
1034 371 1251 436 pectore
1292 367 1538 420 amictus.

216 442 345 496 Non
385 443 611 496 comites
651 442 891 495 tenuisse
929 442 1131 511 ualent,
1169 459 1280 495 non
1318 442 1462 495 ullus
1501 441 1771 494 honorum
1824 452 1912 494 390

217 517 518 570 Militiaeue
557 516 745 585 pudor.
806 515 984 586 pietas
1022 517 1167 568 irata
1205 515 1442 568 sinistris

219 591 506 645 Caelicolis
544 591 681 643 furit
721 593 883 660 atque
924 590 1039 643 odit
1076 590 1279 643 solatia
1316 591 1512 643 luctus,

219 664 446 735 Iamque
487 665 601 718 dies
641 665 947 733 iterumque
987 664 1099 717 dies
1140 665 1430 734 absumpta
1469 662 1719 733 quereliS.

222 739 493 794 Uersatur
533 739 739 808 species
781 741 906 791 ante
947 757 1043 792 ora
1081 739 1373 808 oculosque
1412 742 1714 807 parentum.

219 814 372 884 Ergo
413 813 590 866 excire
628 817 788 883 parat
826 812 1001 865 manis
1043 813 1356 882 animasque
1397 830 1618 867 suorum
1829 823 1915 865 395

225 887 592 958 Alloquioque
630 888 811 940 uirum
849 889 1037 940 tantos
1072 887 1306 940 mulcere
1346 886 1575 940 dolores,

224 962 496 1015 Hortatur
535 961 716 1014 uicina
754 962 930 1031 paluS,
966 961 1062 1014 ubi
1103 962 1286 1031 signat
1325 961 1532 1014 Auerni

226 1035 579 1106 Squalentem
618 1036 903 1088 introitum
945 1038 1206 1106 stagnans
1245 1035 1578 1088 Acherusius
1617 1033 1829 1087 humor.

222 1108 464 1164 Noscere
496 1114 756 1162 uenturos
797 1110 974 1179 agitat
1012 1127 1161 1162 mens
1200 1109 1450 1178 protinus
1490 1126 1676 1161 annosi.

299 1182 390 1237 Sic
421 1184 490 1236 ad
523 1182 829 1253 Cymaeam,
861 1201 998 1253 quae
1037 1186 1157 1236 tum
1197 1184 1297 1236 sub
1330 1183 1549 1236 nomine
1580 1181 1790 1236 Phoebi
1831 1195 1919 1236 400

223 1258 477 1312 Autonoe
516 1258 762 1327 tripodas
804 1276 987 1313 sacros
1031 1262 1355 1326 antrumque
1394 1256 1629 1326 tenebat,

223 1332 355 1386 Fert
394 1350 614 1403 gressus
655 1332 867 1384 iuuenis
908 1332 1261 1402 consultaque
1292 1331 1529 1400 pectoris
1570 1330 1719 1401 aegri

224 1406 424 1460 Pandit
464 1409 518 1458 et
558 1409 808 1475 aspectus
850 1409 971 1459 orat
1010 1407 1325 1476 contingere
1364 1409 1598 1474 patrum.

225 1480 342 1534 Nec
383 1483 636 1534 cunctata
668 1480 759 1532 diu
797 1483 973 1533 uates:
1021 1479 1289 1533 tMactare
1327 1479 1562 1549 repostis

226 1554 350 1608 Mos
389 1554 635 1622 umbris,'
674 1554 867 1625 inquit,
907 1553 1196 1607 ‘consueta
1225 1554 1440 1624 piacula
1478 1553 1667 1624 nigras
1832 1562 1923 1605 405

229 1628 341 1682 Sub
381 1630 559 1682 lucem
598 1630 828 1697 pecudes
867 1628 1217 1698 reclusaeque
1258 1628 1455 1681 abdere
1493 1630 1673 1681 terrae

227 1702 544 1756 Manantem
584 1702 787 1772 iugulis
829 1703 1132 1771 spirantum
1172 1703 1333 1756 caede
1373 1720 1633 1755 cruorem.

230 1777 382 1829 Tunc
423 1778 653 1846 populos
694 1777 798 1828 tibi
838 1794 1011 1846 regna
1052 1795 1178 1829 suos
1218 1776 1482 1845 pallentia
1520 1775 1755 1828 mittent.

233 1849 441 1920 Cetera,
482 1869 620 1919 quae
659 1850 856 1919 posciS‚
895 1850 1091 1902 maiori
1128 1852 1255 1902 uate
1295 1853 1568 1903 canentur.

229 1923 482 1993 Namque
522 1924 623 1976 tibi
664 1923 857 1993 Elysio
897 1924 1129 1992 repetita
1169 1925 1387 1977 oracula
1426 1941 1618 1992 campo
1837 1934 1926 1975 410

232 1998 469 2050 Eliciam
508 1997 817 2066 ueterisque
858 1997 999 2050 dabo
1039 1998 1183 2051 inter
1223 2016 1375 2050 sacra
1415 1995 1654 2066 Sibyllae

232 2071 465 2125 Cernere
496 2071 776 2125 fatidicam
815 2070 1057 2124 Phoebei
1095 2072 1330 2141 pectoris
1369 2072 1635 2125 umbram.

231 2145 401 2214 Uade‚
443 2163 543 2215 age
584 2149 655 2216 et,
694 2165 725 2198 a
765 2145 942 2199 medio
984 2164 1106 2199 cum
1147 2164 1202 2199 se
1240 2164 1350 2199 nox
1389 2146 1612 2198 humida
1649 2162 1810 2198 cursu

230 2218 485 2289 Flexerit,
525 2219 594 2272 ad
633 2221 813 2272 fauces
856 2220 1020 2272 uicini
1059 2223 1240 2273 castus
1279 2218 1486 2271 Auerni

234 2293 354 2347 Duc
394 2294 672 2362 praedicta
713 2293 878 2346 sacris
920 2294 1053 2346 duro
1096 2294 1398 2362 placamina
1437 2292 1568 2345 Diti.
1837 2303 1925 2345 415

232 2367 401 2422 Mella
441 2368 603 2420 simul
641 2372 820 2420 tecum
861 2370 916 2419 et
954 2368 1077 2436 puri
1114 2367 1196 2419 fer
1235 2367 1378 2419 dona
1416 2365 1605 2435 Lyaei.
1960 2374 1963 2378 ’

311 2442 432 2495 Hoc
473 2443 650 2495 alacer
689 2441 899 2494 monitu
940 2444 994 2493 et
1032 2441 1332 2509 promissae
1371 2438 1591 2493 nomine
1629 2439 1787 2510 uatis,

235 2515 485 2584 Apparat
525 2516 734 2568 occulto
776 2518 1079 2568 monstrata
1115 2515 1331 2584 piacula
1370 2517 1576 2584 coepto,

358 2739 443 2778 389
486 2734 682 2779 Pulsata
714 2740 740 2777 S
922 2738 1008 2778 399
1041 2735 1083 2778 h.
1107 2748 1154 2780 u.
1179 2734 1326 2779 Bothe
1348 2737 1456 2791 post
1485 2747 1532 2778 w.
1557 2736 1651 2777 396
1673 2731 1793 2790 poni
1822 2731 1927 2776 uult

237 2798 325 2837 400
359 2792 449 2836 Sed
468 2798 498 2835 0
533 2819 589 2826 —
623 2794 873 2849 Cymaeam
892 2797 993 2836 0111.
1027 2794 1299 2837 crimeamF
1331 2793 1536 2837 crineam
1554 2795 1626 2834 0V
1657 2814 1714 2824 —
1737 2788 1928 2834 numine

239 2852 466 2896 Heinsius
617 2857 701 2896 401
734 2853 920 2897 Autone
958 2856 1065 2896 Lov
1118 2852 1337 2897 Actonite
1377 2857 1411 2894 Ε·
1561 2854 1649 2894 404
1689 2848 1928 2907 cunctata]

239 2914 455 2954 cunctam
490 2915 516 2953 S
638 2915 724 2955 405
758 2911 859 2956 Mos
893 2915 955 2954 ch
1081 2916 1168 2955 406
1202 2910 1315 2969 Sub]
1351 2910 1442 2955 Sed
1474 2914 1501 2952 8
1533 2934 1588 2942 -
1621 2909 1794 2953 addere
1824 2911 1927 2951 1.Εο

241 2969 382 3015 adere
413 2974 450 3011 V
572 2973 659 3013 413
692 2970 907 3028 humida]
940 2970 1102 3015 uiuida
1132 2975 1165 3012 1.
