1988 3190
148 125 256 180 168
813 125 930 172 SILI
959 125 1186 172 ITALICI

150 262 443 317 Destrictis
484 281 638 316 ruere
680 265 841 333 atque
880 262 1023 316 Itala
1062 262 1328 332 depellere
1367 264 1538 334 terra3

149 338 447 408 Omnisque
496 356 527 390 a
567 335 768 400 Cannis
809 336 1309 407 Thrasymennique
1357 337 1532 390 omnis
1581 336 1649 390 ab
1688 337 1846 391 undis

149 413 214 466 In
251 415 482 481 pontum
519 412 805 481 impellens
845 412 1158 464 umbrarum
1199 410 1462 464 exercitus
1501 410 1634 464 ibat.
1759 423 1844 465 165

147 487 289 556 Ipse,
327 487 516 557 fugam
556 486 793 556 cupienS,
831 488 992 539 notas
1033 485 1260 538 euadere
1299 485 1377 538 ad'
1405 484 1578 554 Alpes

151 560 459 623 Quaerebat
499 564 783 629 terraeque
821 560 964 612 ulnis
1006 560 1284 629 amplexus
1324 559 1571 628 utrisque

149 634 430 689 Haerebat
468 633 679 687 Latiae:
722 634 890 687 donec
930 633 1012 686 uis
1054 652 1218 686 saeua
1255 632 1525 703 profundo

148 709 413 763 Truderet
453 711 506 761 et
544 708 747 778 rapidis
788 708 942 761 daret
982 711 1264 777 asportare
1307 706 1576 777 procellis,

224 783 325 837 His
367 800 588 853 aegrum
629 782 761 836 uisis
805 782 1003 835 adeunt
1041 782 1299 834 mandata
1336 780 1572 834 ferentes
1758 794 1842 836 170

155 857 352 929 Legati
390 857 709 927 patriaeque
749 859 991 910 extrema
1029 857 1272 925 pericula
1311 855 1578 925 pandunt:

150 931 392 1000 Massyla
431 933 493 984 ut
532 932 743 984 ruerint
782 949 949 995 arma,
988 934 1050 983 ut
1089 930 1296 984 ceruice
1337 932 1556 983 catenas

149 1005 431 1075 Regnator
469 1006 662 1058 tulerit
699 1004 916 1075 Libyae,
955 1005 1174 1073 letoque
1214 1008 1431 1073 negato,

153 1078 412 1133 Seruetur
449 1097 593 1132 noua
631 1098 833 1148 pompa
871 1078 1013 1148 Ioui3
1054 1076 1330 1148 Carthago
1371 1078 1586 1130 laboret

150 1153 230 1207 Ut
254 1153 451 1223 trepidi
473 1151 850 1221 HasdrubaliS‚
876 1152 967 1221 qui
991 1170 1173 1204 rerum
1206 1151 1430 1222 agitarit
1453 1151 1710 1221 habenas,
1761 1163 1843 1205 175

151 1226 280 1282 Non
318 1246 427 1280 una
466 1245 728 1281 concussa
767 1225 915 1296 fuga.
978 1244 1050 1296 se,
1089 1226 1245 1279 triste
1286 1226 1518 1294 profatu,

151 1301 387 1371 Uidisse,
427 1301 677 1354 arderent
716 1318 839 1354 cum
878 1300 1008 1353 bina
1045 1300 1103 1352 in
1140 1303 1299 1353 nocte
1339 1299 1526 1352 silenti

152 1374 362 1446 Castra,
403 1378 458 1427 et
496 1376 702 1428 luceret
742 1374 1018 1428 sceleratis
1057 1374 1245 1427 Africa
1282 1372 1533 1426 flammis.

150 1449 541 1520 Praerapidum
580 1450 831 1502 iuuenem
872 1447 1129 1518 minitari,
1168 1447 1389 1501 Bruttia
1429 1450 1610 1500 seruet

152 1523 342 1578 Litora
382 1524 510 1576 dum
549 1523 779 1591 Poenus,
819 1522 1191 1575 detracturum
1228 1521 1447 1591 ignibus
1488 1522 1640 1590 atriS,
1759 1534 1846 1575 180

150 1597 215 1651 In
258 1617 421 1669 quam
463 1616 520 1651 se
559 1596 773 1665 referat,
811 1596 1044 1666 patriam
1085 1615 1288 1666 suaque
1326 1595 1515 1649 inclita
1551 1595 1714 1649 facta.

149 1671 303 1726 Haec
341 1674 634 1742 postquam
674 1671 832 1740 dicta,
873 1673 927 1723 et
968 1689 1123 1724 casus
1162 1673 1387 1739 patuere
1427 1671 1728 1739 metusque,

151 1746 453 1799 Effundunt
491 1745 745 1799 lacrimas
788 1745 1140 1815 dextramque
1179 1748 1242 1797 ut
1278 1762 1481 1797 numen
1522 1743 1766 1797 adorant.

230 1820 458 1873 Audiuit
497 1823 655 1872 toruo
696 1820 892 1871 obtutu
933 1819 1137 1871 defixus
1179 1822 1233 1871 et
1274 1835 1439 1887 aegra

152 1894 428 1963 Expendit
467 1894 632 1947 tacite
673 1911 800 1945 cura
841 1910 1022 1945 secum
1062 1892 1177 1961 ipse
1218 1892 1489 1960 uolutanS,
1762 1904 1846 1944 185

154 1967 245 2020 An
283 1967 426 2020 tanti
466 1966 743 2035 Carthago
782 1966 947 2031 foret;
988 1965 1066 2018 sic
1105 1964 1294 2018 deinde
1334 1963 1610 2033 profatur:

155 2040 227 2094 ‘O
270 2041 444 2093 dirum
485 2040 711 2093 exitium
752 2039 1098 2092 mortalibus!
1138 2057 1169 2092 o
1209 2038 1346 2091 nihil
1386 2055 1643 2108 umquam

155 2114 409 2169 Crescere
447 2133 546 2168 nec
586 2131 812 2184 magnas
852 2113 1067 2183 patiens
1101 2130 1359 2184 exurgere
1398 2112 1602 2181 laudes,

154 2189 389 2242 Inuidia!
432 2207 677 2242 euersam
716 2188 826 2240 iam
864 2188 1074 2256 pridem
1114 2186 1390 2240 excindere
1429 2185 1659 2239 Romam

155 2263 337 2332 Atque
379 2281 637 2332 aequasse
678 2262 797 2315 solo
837 2263 1006 2332 potui,
1044 2262 1321 2314 traducere
1361 2263 1578 2329 captam
1763 2273 1848 2314 190

159 2335 435 2390 Seruitum
475 2339 692 2407 gentem
731 2335 997 2405 Latioque
1037 2336 1313 2403 imponere
1352 2335 1517 2405 leges·

281 2531 364 2572 163
397 2525 633 2570 Districtis
666 2530 697 2568 0
777 2529 862 2570 166
895 2523 1085 2581 cupiens
1110 2528 1217 2567 LFV
1249 2522 1439 2580 capiens
1465 2527 1495 2565 0
1576 2527 1662 2568 168
1687 2523 1849 2582 saeua]

158 2599 300 2630 caeca
348 2586 575 2631 Schrader
758 2589 841 2629 169
889 2584 1081 2640 rapidus
1130 2587 1160 2626 0
1215 2583 1431 2638 rapidum
1478 2582 1575 2627 edd.
1609 2583 1851 2640 pleraeque

161 2646 350 2701 raptum
384 2645 632 2690 Liuineius
664 2648 705 2688 et
735 2643 961 2688 Heinsius
1053 2647 1139 2687 170
1171 2642 1378 2686 furentes
1408 2644 1448 2683 V
1551 2644 1636 2686 175
1667 2642 1855 2698 trepida

161 2703 410 2748 Liuineius
585 2708 669 2747 176
701 2703 913 2760 profatur
945 2706 985 2757 S,
1016 2702 1138 2747 unde
1169 2713 1218 2745 se
1249 2701 1371 2743 teste
1402 2699 1615 2756 profatur
1646 2699 1853 2758 Scaliger

164 2766 248 2806 178
282 2762 497 2806 celeratis
531 2763 755 2807 Heinsius
781 2762 859 2817 (cf.
883 2775 928 2805 u.
954 2765 1035 2817 91)
1178 2763 1263 2803 180
1295 2758 1596 2815 depasturum
1627 2759 1854 2804 Heinsius

156 2821 292 2878 prob.
317 2821 518 2876 Ruperti
640 2825 725 2865 184
757 2821 925 2865 abtutu
959 2824 1005 2873 0,
1037 2819 1156 2877 quod
1181 2832 1241 2875 pr
1244 2819 1310 2863 ob
1336 2818 1487 2863 Barth
1511 2843 1565 2850 —
1592 2829 1780 2874 aegram
1810 2821 1854 2863 et

165 2883 252 2924 185
279 2893 444 2983 Suram
468 2880 690 2935 Lefebure
721 2894 776 2925 ex
801 2880 895 2926 cod.
923 2878 1033 2924 Tell.
1059 2904 1114 2910 —
1139 2877 1285 2922 tacito
1312 2880 1365 2933 0,
1397 2878 1518 2934 quod
1541 2877 1674 2934 prob.
1697 2875 1851 2921 Barth

160 2942 245 2983 187
310 2952 445 2983 urum
479 2942 549 2981 ov
