1988 3190
184 129 256 182 60
846 126 959 174 sim
989 125 1228 187 ITALIOIJ

182 262 275 332 Et,
313 264 492 318 uictus
533 268 770 318 mentem
807 264 931 317 fuso
971 281 1069 333 per
1106 263 1351 316 membra
1389 261 1572 332 Lyaeo

185 337 486 409 Sopitoque
524 340 671 393 necis
713 357 914 406 morSU‚
953 337 1313 390 medicamina
1352 336 1522 390 cladis

184 412 423 466 Hauriat
464 432 526 467 ac
565 414 793 483 placidis
834 419 1073 466 exarmet
1110 411 1229 464 fata
1263 409 1519 464 uenenis?
1790 424 1878 465 275

184 486 334 540 Haec
374 488 452 540 ait
492 491 546 541 et
583 488 746 541 turba
785 486 986 557 repetit
1025 485 1322 539 eomitante
1359 485 1593 555 penatis.

264 559 503 614 Aedibus
543 563 601 614 in
639 562 834 615 mediis
875 577 1207 630 consurgens
1246 559 1370 613 ilice
1410 559 1585 612 multa

184 634 477 688 Extruitur
514 654 699 706 roguS‚
737 636 1037 705 hospitium
1078 652 1363 687 commune
1402 633 1712 703 peremptis.

185 707 302 762 Nec
341 711 569 781 uulgum
611 713 792 763 cessat
829 709 1032 766 furiare
1073 708 1335 778 dolorque
1374 726 1666 778 pauorque.

187 782 347 837 Nunc
387 785 560 837 menti
598 783 800 838 Decius
841 801 992 836 serae
1030 782 1187 852 redit,
1226 785 1282 835 et
1320 783 1464 835 bona
1501 781 1678 835 uirtus
1793 795 1881 836 280

186 857 369 911 Exilio
409 859 603 927 punita
640 858 795 912 truci.
860 858 1138 926 despectat
1178 857 1246 909 ab
1288 856 1399 909 alto

186 930 353 985 Sacra
390 931 552 985 Fides
595 933 874 1004 agitatque
914 932 1095 984 uirum
1132 930 1352 983 fallacia
1391 930 1566 985 corda.

184 1005 309 1059 on
347 1007 562 1059 occulta
601 1007 763 1076 subit,
803 1007 1010 1075 passim
1050 1004 1243 1057 diffusa
1282 1023 1379 1073 per
1417 1023 1601 1075 auras;

187 1078 473 1150 ‘Foedera,
513 1081 788 1149 mortales,
830 1098 897 1132 ne
938 1097 1101 1132 saeuo
1142 1078 1377 1147 rumpite
1416 1077 1577 1147 ferm,

189 1152 294 1207 Sed
334 1159 540 1207 castam
583 1158 798 1208 seruate
837 1154 1041 1206 Fidem.
1103 1152 1442 1222 fulgentibus
1485 1155 1634 1205 ostro
1795 1165 1882 1206 285

185 1228 335 1281 Haec
374 1228 558 1297 potior
595 1229 795 1299 regnis,
857 1227 1020 1280 dubio
1063 1227 1156 1296 qui
1195 1230 1444 1297 frangere
1484 1245 1666 1279 rerum

189 1301 462 1355 Gaudebit
499 1306 660 1371 pacta
700 1322 762 1356 ac
799 1302 980 1355 tenuis
1022 1319 1144 1371 spes
1184 1301 1396 1370 linquet
1440 1300 1615 1369 amici,

188 1375 318 1430 Non
355 1376 439 1429 illi
479 1378 688 1444 domus,
728 1379 824 1430 aut
864 1375 1074 1444 coniux,
1114 1379 1209 1427 aut
1247 1377 1363 1427 uita
1402 1343 1645 1427 manebit

186 1450 461 1521 Umquam
475 1469 665 1525 expers
679 1452 861 1504 luctus
875 1450 1247 1518 lacrimaeque.
1265 1452 1408 1519 aget,
1423 1466 1655 1518 aequore
1670 1466 1884 1518 semper

187 1524 271 1578 Ae
310 1525 507 1578 tellure
547 1544 814 1595 premenS‚
853 1527 980 1593 aget
1020 1541 1244 1594 aegrum
1282 1526 1443 1576 nocte
1483 1523 1674 1592 dieque
1795 1536 1883 1577 290

187 1597 463 1668 Despecta
504 1618 566 1653 ac
605 1601 813 1653 uiolata
851 1594 1048 1651 Fides?
1114 1597 1244 1649 Adit
1284 1598 1467 1650 omnia
1506 1598 1723 1667 iamque

190 1671 434 1726 Concilia
475 1692 537 1726 ac
577 1692 792 1727 mensas
826 1672 1099 1741 contingit
1138 1675 1208 1737 et,
1249 1671 1432 1724 abdita
1470 1671 1630 1738 nube,

188 1747 590 1816 Accumbitque
629 1749 763 1800 toris
805 1747 1158 1815 epulaturque
1198 1745 1450 1813 improba
1490 1744 1712 1814 ErinyS.

186 1819 317 1889 Ipsa
356 1822 523 1873 etiam
566 1820 755 1891 Stygio
797 1820 1108 1888 spumantia
1146 1820 1341 1888 pocula
1381 1819 1512 1871 tabo

186 1894 433 1962 Porrigit
473 1897 529 1947 et
568 1895 723 1964 large
766 1912 966 1963 poenas
1007 1894 1283 1961 letumque
1324 1893 1617 1946 ministrat.
1794 1905 1882 1946 295

188 1966 404 2021 Uirrius
443 1968 668 2037 interea,
708 1969 836 2021 dum
877 1968 969 2019 dat
1007 1970 1292 2036 penetrare
1332 1967 1599 2019 medullas

187 2041 391 2112 Exitio,
433 2042 777 2111 ascenditque
816 2060 1010 2111 pyram
1052 2045 1212 2110 atque
1253 2041 1594 2111 amplexibus
1633 2040 1822 2093 haeret

187 2114 515 2184 Iungentum
556 2116 676 2169 fata
715 2120 770 2169 et
809 2115 982 2169 subici
1019 2114 1172 2167 iubet
1212 2116 1365 2168 ocius·
1399 2114 1560 2184 ignis,

266 2187 623 2260 Stringebant
661 2191 915 2243 tenebrae
955 2191 1146 2257 metaS,
1183 2189 1464 2257 uictorque
1503 2189 1712 2242 ruebat.

189 2261 416 2332 Iamque
457 2268 860 2333 superstantem
902 2281 1055 2315 muro
1096 2263 1378 2331 sociosque
1416 2261 1677 2314 Milonem
1794 2274 1882 2314 300

186 2336 335 2389 Uoce
377 2338 723 2389 attollentem
762 2339 934 2406 pubes
969 2335 1249 2402 Campana
1287 2335 1522 2388 uidebat.

186 2407 441 2461 Pandunt
482 2411 707 2462 attoniti
745 2412 933 2478 portas
972 2408 1293 2477 trepidoque
1334 2410 1628 2477 capessunt

307 2588 394 2627 273
441 2584 627 2627 uinctus
674 2582 901 2627 Heinsius
1081 2586 1166 2626 275
1216 2594 1271 2626 ac
1319 2585 1378 2624 Οᾱ
1411 2581 1485 2637 (Τ.
1512 2595 1562 2638 p.
1595 2585 1708 2638 215)
1754 2583 1803 2627 et
1849 2587 1880 2627 0

186 2646 275 2686 280
309 2641 467 2686 decius
501 2654 632 2686 serae
663 2645 732 2684 ΒΕ
774 2654 906 2685 serae
940 2639 1100 2685 decius
1135 2644 1206 2683 ΟΥ
1348 2644 1433 2684 281
1466 2639 1623 2684 Exitio
1655 2641 1884 2687 Schrader

187 2704 276 2745 283
308 2714 447 2744 auras
478 2706 546 2743 ΒΕ
595 2715 729 2745 aures
764 2705 834 2743 ΟΥ
1002 2705 1089 2744 284
1120 2713 1334 2755 rumpere
1366 2704 1398 2741 L
1555 2704 1641 2744 286
1674 2699 1819 2743 dubia
1848 2705 1882 2743 1.

187 2762 274 2804 287
307 2760 359 2801 at
391 2763 461 2801 ΟΥ
491 2785 552 2793 --
581 2758 758 2815 linquit
787 2764 822 2803 F
1045 2764 1130 2803 291
1173 2758 1393 2815 Dispecta
1425 2762 1451 2800 S
1483 2783 1539 2790 —
1573 2758 1729 2802 omina
1757 2763 1791 2800 Ι.
1823 2785 1880 2792 -

185 2831 389 2874 namque
422 2822 480 2860 cd
512 2818 587 2872 (T.
606 2833 656 2875 p.
682 2822 794 2870 215)
947 2822 1032 2862 292
1067 2818 1312 2873 continget
1342 2821 1414 2860 ΟΥ
1571 2820 1657 2860 296
1690 2816 1776 2861 dat
1806 2823 1880 2861 cm

187 2878 282 2934 Ep.
309 2880 371 2922 62
457 2881 543 2921 297
577 2876 792 2921 ascendit
822 2891 905 2922 om.
940 2890 1030 2932 que
1061 2882 1095 2919 F
1180 2881 1266 2920 298
1299 2875 1579 2933 Iungentum
1604 2877 1730 2920 cml.
1756 2877 1784 2956 Ζ.
1809 2881 1879 2919 LE

185 2936 389 2992 Iungent
418 2937 520 2979 tum
552 2940 623 2977 ΟΥ
656 2961 710 2968 -
745 2936 895 2980 subici
926 2941 987 2979 Ch
