1988 3190
166 137 240 193 80
831 136 948 184 sim
977 135 1203 183 ITALIOI

163 274 270 328 Hic
307 272 511 326 Marius
540 303 605 313 —
632 291 732 326 nec
771 274 945 326 multa
983 273 1096 327 dies
1134 273 1244 326 iam
1283 275 1455 325 restat
1493 272 1638 326 ituro

165 347 482 401 Aetheriam
521 347 580 399 in
617 346 795 400 lucem
820 377 888 385 —
915 348 1100 401 ueniet
1137 347 1240 400 tibi
1280 346 1489 416 origine
1528 364 1699 416 parua

164 422 232 475 In
271 422 498 492 longum
536 421 826 490 imperium
865 423 1069 491 consul,
1106 439 1204 474 nec
1241 418 1391 473 Sulla
1429 419 1632 474 morari
1767 432 1854 473 855

163 495 322 550 Iussa
361 498 558 565 potest,
598 498 692 548 aut
731 513 890 548 amne
931 496 1022 548 diu
1059 498 1254 565 potare
1287 512 1499 563 soporo,

164 569 282 623 Lux
321 573 484 623 uocat
521 573 576 622 et
612 569 753 621 nulli
791 570 977 622 diuum
1015 569 1276 622 mutabile
1307 568 1499 622 fatum.

164 643 464 713 Imperium
501 643 591 696 hic
629 643 837 711 primus
875 645 1069 713 rapiet,
1107 643 1200 696 sed
1241 642 1418 712 gloria
1456 642 1660 712 culpae,

166 717 321 780 Quod
359 717 548 771 reddet
587 718 757 770 solus:
797 735 897 771 1166
935 721 1092 771 tanto
1133 717 1191 769 in
1228 717 1446 770 nomine
1486 715 1771 786 quisquam

166 791 400 860 Existet‚
441 790 625 844 Sullae
665 790 758 860 qui
797 810 854 844 se
894 792 1029 844 uelit
1068 809 1186 844 esse
1227 790 1535 844 secundum.
1767 802 1855 843 860

166 865 283 936 1116,
321 865 468 918 hirta
509 866 593 918 cui
633 865 934 936 subrigitur
974 884 1129 919 coma
1166 865 1362 934 fronte,
1402 864 1654 918 decorum

166 940 241 993 Et
280 943 497 1009 gratum
535 940 696 992 terris
729 939 961 1010 Magnus
1002 943 1187 1010 caput3
1226 939 1320 992 ille
1362 938 1521 991 deum
1561 954 1710 1008 genS,

169 1013 519 1083 Stelligerum
559 1014 818 1067 attollens
859 1014 1083 1084 apicem,
1122 1013 1387 1067 Troianus
1426 1012 1548 1065 Iulo

170 1087 369 1142 Caesar
410 1105 534 1156 6110;
576 1090 806 1157 quantas
847 1088 1036 1156 1110166,
1075 1106 1196 1140 611111
1237 1087 1359 1140 sede
1399 1087 1611 1139 reclusa
1769 1097 1858 1139 864

166 1161 312 1215 Η1116
352 1161 573 1214 tandem
613 1165 910 1230 erumpent,
950 1164 1203 1230 terraque
1243 1161 1487 1229 marique
1535 1158 1855 1213 monebunt!

167 1235 290 1290 Heu
329 1234 528 1303 miseri,
567 1235 815 1304 quotiens
856 1238 975 1289 toto
1016 1235 1333 1305 pugnabitis
1374 1234 1527 1287 orbe!

168 1309 284 1363 Nec
322 1309 531 1362 leuiora
569 1309 701 1378 lues,
741 1328 901 1378 quam
941 1309 1133 1377 uictus,
1173 1308 1398 1362 crimina
1437 1307 1648 1361 uictor?

243 1383 382 1437 Tum
420 1382 634 1436 iuuenis
674 1383 985 1436 lacrimans:
1035 1383 1285 1436 ‘Restare
1323 1383 1458 1435 haec
1498 1381 1683 1435 ordine
1723 1381 1857 1434 duro

169 1458 467 1511 Lamentor
504 1457 665 1510 rebus
704 1456 895 1510 Latiis.
957 1457 1051 1510 sed
1091 1458 1209 1510 luce
1248 1459 1458 1510 remota

172 1530 230 1584 Si
268 1532 421 1584 nulla
460 1534 545 1584 est
583 1531 759 1600 1161116,
797 1535 851 1585 et
890 1532 1085 1584 merito
1126 1549 1272 1584 mors
1319 1531 1441 1599 ipsa
1479 1529 1718 1583 laborat:
1773 1542 1860 1582 870

169 1605 432 1658 Perfidiae
473 1605 684 1658 Poenus
727 1606 922 1674 quibus
964 1609 1058 1658 aut
1095 1604 1511 1674 Phlegethontis
1550 1604 1608 1656 in
1646 1602 1804 1657 undis

171 1679 379 1733 Exuret
419 1679 610 1733 ductor
649 1681 839 1749 6661116,
880 1682 974 1732 aut
1015 1698 1152 1748 quae
1194 1679 1358 1749 digna
1396 1681 1615 1731 renatos

171 1754 301 1807 Ales
341 1754 399 1806 in
439 1757 718 1806 aeternum
757 1753 990 1806 laniabit
1029 1753 1298 1806 morsibus
1340 1751 1554 1804 artus?'

172 1826 284 1879 ‘Ne
325 1826 540 1892 metue‚'
582 1827 849 1880 exclamat
887 1830 1055 1879 uates.
1119 1826 1256 1878 ‘non
1294 1827 1412 1878 uita
1452 1827 1706 1894 sequetur

172 1900 447 1953 Inuiolata
486 1901 683 1952 uirum:
723 1901 907 1969 patria
944 1918 1055 1953 non
1094 1918 1219 1952 0666
1259 1899 1549 1968 quiescent.
1775 1910 1863 1951 875

171 1974 422 2042 Namque
461 1974 569 2038 ubi,
606 1973 813 2027 fractus
847 1992 1025 2043 opum,
1059 1991 1285 2043 magnae
1319 1972 1611 2026 certamine
1647 1988 1862 2041 pugnae

173 2048 469 2101 Pertulerit
507 2048 651 2100 uinci
690 2052 1010 2117 turpemque
1043 2066 1196 2101 orare
1237 2048 1483 2115 salutem,

175 2122 384 2174 Rursus
425 2121 569 2174 bella
607 2122 757 2174 uolet
796 2122 1069 2175 Macetum
1106 2121 1410 2175 instaurare
1451 2120 1551 2173 sub
1592 2120 1772 2173 armis,

173 2195 586 2266 Damnatusque
627 2195 753 2264 doli,
794 2196 1019 2248 desertis
1061 2195 1286 2264 coniuge
1326 2195 1433 2246 fida

174 2269 250 2322 Et
289 2270 435 2322 dulci
473 2273 619 2336 nato,
657 2269 866 2338 linquet
907 2268 1253 2338 Carthaginis
1295 2286 1444 2321 arces
1775 2279 1861 2320 880

176 2345 357 2412 Atque
396 2362 503 2396 una
540 2343 803 2412 profugus
844 2343 1104 2396 lustrabit
1144 2343 1357 2395 caerula
1401 2359 1598 2411 puppe.

175 2417 317 2470 Hinc
359 2416 542 2471 Cilicis
583 2417 748 2469 Tauri
787 2435 982 2470 saxosa
1022 2416 1301 2470 cacumina
1339 2416 1495 2468 uiset.

175 2491 307 2544 Pro!
350 2494 553 2559 quanto
595 2491 767 2543 leuius
809 2491 1132 2544 mortalibus
1174 2506 1337 2559 aegra
1377 2489 1558 2542 subire

302 2713 390 2753 854
421 2709 614 2754 ueniens
648 2710 707 2753 ab
741 2710 965 2755 Heinsius
1086 2712 1172 2752 855
1206 2708 1325 2751 sulla
1356 2712 1389 2749 1.
1431 2706 1539 2750 silla
1568 2711 1636 2750 ΕΟ
1678 2705 1798 2760 sylla
1828 2708 1865 2746 V

180 2772 268 2811 860
302 2769 449 2823 syllae
481 2773 553 2811 LV
601 2768 705 2814 61116
737 2773 805 2811 FO
988 2772 1072 2811 865
1106 2767 1225 2811 Hinc
1256 2767 1397 2810 Blass
1443 2766 1575 2809 Hanc
1607 2767 1667 2806 eh
1707 2762 1807 2807 Hac
1840 2767 1866 2805 S

180 2830 267 2871 866
298 2827 569 2882 pugnabitis
604 2832 664 2870 ch
703 2827 936 2884 pugnabit
965 2826 1015 2870 in
1045 2831 1113 2869 LF
1152 2825 1438 2882 pugnabitur
1470 2828 1540 2866 0V
1631 2827 1716 2868 868
1751 2821 1867 2866 dura

178 2886 404 2930 Heinsius
450 2890 490 2929 et
538 2886 737 2942 Ruperti
963 2890 1047 2930 875
1096 2885 1337 2941 quiescent
1384 2887 1454 2925 OV
1513 2881 1750 2937 quiessent
1797 2885 1866 2923 m?

180 2948 266 2989 878
298 2943 532 2988 Macetum
558 2949 618 2986 ch
662 2958 899 2988 macerum
923 2949 954 2986 L
991 2970 1044 2977 —
1078 2943 1283 2988 lacerare
1313 2947 1346 2984 1.
