1988 3190
242 103 350 158 170
907 104 1022 150 SILI
1054 104 1280 152 ITALICI

235 239 528 311 CarthagO,
569 243 622 294 et
661 241 842 309 potius
882 241 1164 295 cecidisset
1201 260 1402 297 nomen
1431 241 1666 298 Elissae.

237 314 413 377 Quid?
469 318 598 368 tunc
639 318 725 368 sat
765 334 1003 385 compOS,
1044 316 1137 385 qui
1175 335 1283 370 non
1325 317 1571 371 ardentia
1609 318 1722 373 tela
1842 332 1930 374 225

236 387 289 441 A
329 387 527 443 Cannis
568 390 627 442 in
665 391 873 459 templa
911 390 1017 442 tuli
1055 390 1325 460 Tarpeia?
1371 390 1666 462 Iouemque

236 462 466 517 Detraxi
506 463 683 517 solio?
724 465 1046 534 sparsissem
1085 465 1334 518 incendia
1374 466 1576 519 montis

237 535 346 596 Per¹
379 541 587 607 septem
628 538 770 592 bello
809 557 1011 592 uacuos
1045 539 1301 609 gentique
1343 539 1608 608 superbae

241 610 471 665 Iliacum
513 612 737 666 exitium
777 616 831 665 et
861 627 1192 683 proauorum
1231 613 1345 667 fata
1385 613 1668 669 dedissem.

238 685 347 740 Cur
370 704 535 755 porro
560 686 695 740 haec
728 687 969 758 angant?
1007 706 1165 756 nunc,
1195 706 1337 741 nunc
1367 687 1621 742 inuadere
1651 688 1797 744 ferro
1845 701 1932 744 230

230 759 373 822 Quis
396 760 688 829 prohibet?
727 779 1049 830 rursumque
1083 761 1149 815 ad
1182 762 1396 815 moenia
1427 762 1647 816 tendere
1672 763 1930 835 gressus?

232 832 333 887 Ibo
374 838 442 903 et,
483 838 787 888 castrorum
826 836 1071 906 relegens
1114 840 1465 889 monumenta
1505 855 1763 907 meorum,

234 906 352 970 Qua
391 908 482 962 uia
519 913 651 962 nota
690 910 825 962 mihi
865 914 962 976 est,
1002 910 1256 963 remeabo
1292 909 1519 963 Anienis
1559 911 1628 964 ad
1668 912 1856 966 undas.

231 981 465 1036 Flectite
504 984 561 1035 in
599 982 817 1037 Italiam
856 1002 1060 1053 proraS,
1100 984 1331 1037 auertite
1373 985 1616 1039 classem.

232 1054 399 1125 Faxo,
438 1059 499 1109 ut
537 1058 747 1110 uallata
785 1060 1069 1111 reuocetur
1110 1056 1290 1127 Scipio
1331 1057 1543 1113 Roma?
1843 1072 1932 1115 235

310 1130 534 1183 Talibus
575 1131 852 1184 ardentem
891 1131 1049 1184 furiis
1089 1131 1378 1201 Neptunus
1418 1135 1480 1184 ut
1521 1133 1632 1186 alto

233 1203 523 1273 Prospexit
559 1205 806 1273 uertique
846 1209 991 1258 rates
1034 1205 1101 1258 ad
1139 1206 1308 1259 litora
1346 1206 1498 1275 uidit,

235 1277 510 1340 Quassans
552 1280 859 1332 caeruleum
899 1280 1115 1349 genitor
1154 1282 1319 1348 caput
1360 1298 1596 1350 aequora
1634 1280 1800 1335 fundo

231 1351 397 1406 Eruit
437 1357 491 1405 et
528 1353 800 1406 tumidum
840 1356 1025 1406 mouet
1063 1354 1210 1406 ultra
1247 1354 1411 1407 litora
1450 1358 1696 1423 pontum.

232 1426 527 1496 Extemplo
568 1431 761 1481 uentos
801 1427 1109 1497 imbresque
1150 1431 1206 1481 et
1243 1446 1376 1496 rupe
1423 1429 1691 1497 procellas
1843 1442 1931 1484 240

235 1497 491 1554 Concitat
529 1500 752 1555 Aeolias
793 1519 856 1555 ac
893 1501 1130 1555 nubibus
1170 1501 1390 1555 aethera
1430 1502 1628 1557 condit.

235 1574 390 1645 Tum,
428 1575 643 1645 penitus
683 1576 794 1628 telo
835 1575 1060 1629 molitus
1099 1593 1270 1646 regna
1307 1575 1531 1629 tridenti

230 1647 448 1719 Intima,
489 1650 558 1702 ab
600 1668 791 1703 occasu
823 1649 1039 1719 Tethyn
1077 1650 1313 1719 impellit
1352 1653 1407 1703 et
1447 1653 1572 1703 ortu

231 1724 312 1776 Ac
350 1726 531 1777 totum
572 1723 773 1777 Oceani
813 1725 1004 1777 turbat
1043 1727 1223 1792 caput.
1287 1742 1523 1793 aequora
1562 1727 1794 1794 surgunt

234 1795 484 1867 Spumea,
525 1801 579 1850 et
613 1798 762 1851 illisu
800 1799 1053 1866 scopulus
1093 1798 1279 1850 tremit
1310 1798 1486 1850 omnis
1524 1816 1798 1868 aquarum.
1841 1811 1927 1853 245

230 1870 464 1940 Primus,
504 1890 560 1924 se
603 1872 860 1924 attollens
899 1870 1272 1924 Nasamonum
1316 1871 1549 1940 sedibus„
1588 1872 1791 1925 Auster

233 1943 479 1997 Nudauit
521 1943 724 2013 Syrtim
765 1948 1013 2013 correpta
1050 1945 1271 1998 nubilus
1305 1944 1461 1997 unda.

229 2016 543 2087 Insequitur
583 2018 816 2071 sublime
855 2018 1033 2071 ferens
1071 2018 1415 2088 nigrantibus
1459 2018 1561 2071 alis

230 2092 545 2162 Abruptum
584 2091 786 2146 Boreas
826 2093 983 2162 ponti
1021 2094 1188 2163 latus3
1211 2093 1441 2164 ‘intonat
1480 2095 1598 2146 ater

230 2164 483 2219 Discordi
522 2167 655 2220 flatu
697 2171 752 2220 et
789 2169 1002 2235 partem
1043 2168 1188 2237 rapit
1228 2166 1479 2236 aequoris
1517 2165 1714 2219 Eurus,
1836 2178 1925 2220 250

229 2239 373 2294 Hinc
412 2242 562 2310 rupti
605 2241 831 2295 reboare
870 2241 1000 2311 poli,
1041 2244 1203 2311 atque
1242 2240 1369 2294 hinc
1409 2241 1597 2294 crebra
1636 2241 1835 2294 micare

348 2450 437 2488 224
468 2445 645 2503 potius]
677 2446 830 2489 totum
857 2446 1081 2490 Heinsius
1111 2445 1295 2502 penitus
1321 2445 1548 2490 Schrader
1649 2447 1736 2489 225
1770 2442 1923 2497 Quid?

233 2518 344 2547 num
382 2504 608 2549 Heinsius
640 2505 772 2561 prob.
814 2505 1007 2562 Bentley
1063 2503 1187 2557 Quid
1238 2507 1380 2548 tunc?
1427 2504 1568 2560 uulyo
1624 2503 1765 2556 Quin!
1811 2505 1924 2547 tune

228 2562 452 2616 Lefebure
471 2589 524 2595 —
543 2562 777 2621 ardentia]
811 2562 1053 2607 horrentia
1083 2563 1311 2608 Schrader
1433 2566 1517 2606 231
1553 2561 1674 2615 Quid
1698 2562 1924 2607 Heinsius

237 2625 324 2665 233
359 2621 461 2674 Qua
491 2623 570 2666 uia
600 2623 715 2666 nota
752 2621 870 2665 mihi
912 2624 985 2666 est
1022 2623 1118 2667 cod.
1156 2622 1263 2667 Tell.
1319 2620 1419 2675 Qua.
1458 2621 1537 2665 uia
1575 2623 1710 2666 notat
1740 2625 1767 2663 8
1822 2620 1925 2675 Qua.

231 2679 348 2723 mihi
380 2681 493 2725 nota
524 2681 602 2725 uia
635 2683 706 2725 est
736 2682 802 2726 ed.
829 2681 988 2737 Pomp.
1014 2682 1150 2725 Laeti
1269 2684 1356 2724 234
1381 2680 1603 2738 auertite]
1636 2694 1665 2724 a.
1686 2679 1863 2725 uertice
1889 2683 1920 2722 0

229 2751 285 2781 ac
316 2740 487 2784 uertite
519 2740 768 2785 Liuineius
815 2753 915 2796 age,
949 2740 1120 2784 uertite
1152 2739 1378 2784 Heinsius
1543 2743 1631 2783 236
1664 2739 1724 2783 ab
1755 2738 1853 2783 alto
1883 2742 1922 2781 V

227 2800 314 2840 241
346 2797 570 2856 nubibus]
603 2799 831 2843 imbribus
858 2803 929 2842 ΟΥ
990 2804 1076 2843 245
1101 2798 1260 2843 fremit
1283 2797 1510 2843 Schrader
1582 2801 1667 2842 247
1694 2795 1860 2853 syrtim
1883 2800 1922 2839 V

230 2857 404 2911 syrtem
450 2861 551 2901 LFo
585 2883 641 2890 —
672 2858 880 2915 nubilus]
930 2857 1130 2902 nubibus
1179 2861 1249 2899 ov
1430 2861 1516 2902 249
1565 2855 1685 2914 ater]
1733 2868 1841 2901 acer
1887 2859 1919 2898 0

229 2918 314 2958 251
347 2913 446 2971 poli
478 2917 596 2961 deest
626 2918 679 2961 in
710 2921 740 2959 0
