<?xml version="1.0" encoding="UTF-8"?>
<!DOCTYPE html PUBLIC "-//W3C//DTD XHTML 1.0 Transitional//EN"
    "http://www.w3.org/TR/xhtml1/DTD/xhtml1-transitional.dtd">
<html xmlns="http://www.w3.org/1999/xhtml" xml:lang="en" lang="en">
 <head>
  <title>
</title>
<meta http-equiv="Content-Type" content="text/html;charset=utf-8" />
  <meta name='ocr-system' content='tesseract 3.04.00' />
  <meta name='ocr-capabilities' content='ocr_page ocr_carea ocr_par ocr_line ocrx_word'/>
</head>
<body>
  <div class='ocr_page' id='page_1' title='image "./punicasili02siliuoft/punicasili02siliuoft_0038.png"; bbox 0 0 1988 3190; ppageno 0'>
   <div class='ocr_carea' id='block_1_1' title="bbox 183 99 1218 152">
    <p class='ocr_par' dir='ltr' id='par_1_1' title="bbox 183 99 1218 152">
     <span class='ocr_line' id='line_1_1' title="bbox 183 99 1218 152; baseline 0.002 -10"><span class='ocrx_word' id='word_1_1' title='bbox 183 99 258 152; x_wconf 82' lang='lat'>24</span> <span class='ocrx_word' id='word_1_2' title='bbox 853 99 965 145; x_wconf 85' lang='lat' dir='ltr'>SILI</span> <span class='ocrx_word' id='word_1_3' title='bbox 995 99 1218 146; x_wconf 86' lang='lat' dir='ltr'>lTALICI</span> 
     </span>
    </p>
   </div>
   <div class='ocr_carea' id='block_1_2' title="bbox 190 235 1886 678">
    <p class='ocr_par' dir='ltr' id='par_1_2' title="bbox 190 235 1610 380">
     <span class='ocr_line' id='line_1_2' title="bbox 192 235 1610 308; baseline 0.003 -20"><span class='ocrx_word' id='word_1_4' title='bbox 192 235 342 289; x_wconf 87' lang='lat' dir='ltr'>Tunc</span> <span class='ocrx_word' id='word_1_5' title='bbox 381 235 570 289; x_wconf 90' lang='lat' dir='ltr'>inerat.</span> <span class='ocrx_word' id='word_1_6' title='bbox 627 235 781 289; x_wconf 90' lang='lat' dir='ltr'>molli</span> <span class='ocrx_word' id='word_1_7' title='bbox 818 237 949 289; x_wconf 87' lang='lat' dir='ltr'>luxu</span> <span class='ocrx_word' id='word_1_8' title='bbox 988 236 1292 290; x_wconf 86' lang='lat' dir='ltr'>madefacta</span> <span class='ocrx_word' id='word_1_9' title='bbox 1331 255 1610 308; x_wconf 86' lang='lat' dir='ltr'>meroque,</span> 
     </span>
     <span class='ocr_line' id='line_1_3' title="bbox 190 309 1577 380; baseline 0.002 -18"><span class='ocrx_word' id='word_1_10' title='bbox 190 309 471 363; x_wconf 85' lang='lat' dir='ltr'>Illecebris</span> <span class='ocrx_word' id='word_1_11' title='bbox 512 311 687 363; x_wconf 88' lang='lat' dir='ltr'>somni</span> <span class='ocrx_word' id='word_1_12' title='bbox 726 311 1000 380; x_wconf 74' lang='lat' dir='ltr'>torpentia</span> <span class='ocrx_word' id='word_1_13' title='bbox 1038 311 1283 365; x_wconf 91' lang='lat' dir='ltr'>membra</span> <span class='ocrx_word' id='word_1_14' title='bbox 1320 311 1577 365; x_wconf 89' lang='lat' dir='ltr'>fluebant.</span> 
     </span>
    </p>

    <p class='ocr_par' dir='ltr' id='par_1_3' title="bbox 191 383 1886 678">
     <span class='ocr_line' id='line_1_4' title="bbox 192 383 1886 456; baseline 0.002 -19"><span class='ocrx_word' id='word_1_15' title='bbox 192 384 324 447; x_wconf 82' lang='lat' dir='ltr'>Quis</span> <span class='ocrx_word' id='word_1_16' title='bbox 365 383 573 454; x_wconf 89' lang='lat' dir='ltr'>gelidas</span> <span class='ocrx_word' id='word_1_17' title='bbox 614 386 823 437; x_wconf 91' lang='lat' dir='ltr'>suetum</span> <span class='ocrx_word' id='word_1_18' title='bbox 867 388 1052 438; x_wconf 90' lang='lat' dir='ltr'>noctes</span> <span class='ocrx_word' id='word_1_19' title='bbox 1090 384 1313 438; x_wconf 77' lang='lat' dir='ltr'>thorace</span> <span class='ocrx_word' id='word_1_20' title='bbox 1353 386 1595 456; x_wconf 86' lang='lat' dir='ltr'>grauatis</span> <span class='ocrx_word' id='word_1_21' title='bbox 1828 401 1886 442; x_wconf 81' lang='lat'>20</span> 
     </span>
     <span class='ocr_line' id='line_1_5' title="bbox 191 457 1655 531; baseline 0.001 -19"><span class='ocrx_word' id='word_1_22' title='bbox 191 457 302 512; x_wconf 90' lang='lat' dir='ltr'>Sub</span> <span class='ocrx_word' id='word_1_23' title='bbox 342 458 471 511; x_wconf 92' lang='lat' dir='ltr'>Ioue</span> <span class='ocrx_word' id='word_1_24' title='bbox 511 475 621 511; x_wconf 91' lang='lat' dir='ltr'>non</span> <span class='ocrx_word' id='word_1_25' title='bbox 661 476 832 528; x_wconf 88' lang='lat' dir='ltr'>aequo</span> <span class='ocrx_word' id='word_1_26' title='bbox 871 459 1088 511; x_wconf 76' lang='lat' dir='ltr'><strong>trahere</strong></span> <span class='ocrx_word' id='word_1_27' title='bbox 1128 463 1182 512; x_wconf 92' lang='lat' dir='ltr'>et</span> <span class='ocrx_word' id='word_1_28' title='bbox 1220 459 1456 513; x_wconf 87' lang='lat' dir='ltr'>tentoria</span> <span class='ocrx_word' id='word_1_29' title='bbox 1494 478 1655 531; x_wconf 85' lang='lat' dir='ltr'>saepe</span> 
     </span>
     <span class='ocr_line' id='line_1_6' title="bbox 193 531 1832 606; baseline 0.002 -22"><span class='ocrx_word' id='word_1_30' title='bbox 193 531 482 603; x_wconf 73' lang='lat' dir='ltr'>Spei-nere,</span> <span class='ocrx_word' id='word_1_31' title='bbox 521 531 616 584; x_wconf 87' lang='lat' dir='ltr'>ubi</span> <span class='ocrx_word' id='word_1_32' title='bbox 654 531 884 585; x_wconf 88' lang='lat' dir='ltr'>hiberna</span> <span class='ocrx_word' id='word_1_33' title='bbox 920 535 1141 586; x_wconf 85' lang='lat' dir='ltr'>ruerent</span> <span class='ocrx_word' id='word_1_34' title='bbox 1178 551 1300 587; x_wconf 90' lang='lat' dir='ltr'>cum</span> <span class='ocrx_word' id='word_1_35' title='bbox 1339 534 1600 604; x_wconf 84' lang='lat' dir='ltr'>grandine</span> <span class='ocrx_word' id='word_1_36' title='bbox 1638 535 1832 606; x_wconf 85' lang='lat' dir='ltr'>nimbi,</span> 
     </span>
     <span class='ocr_line' id='line_1_7' title="bbox 193 605 1635 678; baseline 0.002 -20"><span class='ocrx_word' id='word_1_37' title='bbox 193 606 274 659; x_wconf 88' lang='lat' dir='ltr'>Ac</span> <span class='ocrx_word' id='word_1_38' title='bbox 313 623 380 658; x_wconf 90' lang='lat' dir='ltr'>ne</span> <span class='ocrx_word' id='word_1_39' title='bbox 419 608 578 659; x_wconf 89' lang='lat' dir='ltr'>nocte</span> <span class='ocrx_word' id='word_1_40' title='bbox 620 605 836 675; x_wconf 90' lang='lat' dir='ltr'>quidem</span> <span class='ocrx_word' id='word_1_41' title='bbox 877 606 1107 677; x_wconf 85' lang='lat' dir='ltr'>clipeiue</span> <span class='ocrx_word' id='word_1_42' title='bbox 1147 626 1368 661; x_wconf 80' lang='lat' dir='ltr'>ensesue</span> <span class='ocrx_word' id='word_1_43' title='bbox 1406 609 1635 678; x_wconf 87' lang='lat' dir='ltr'>reposti,</span> 
     </span>
    </p>
   </div>
   <div class='ocr_carea' id='block_1_3' title="bbox 195 671 1974 751">
    <p class='ocr_par' dir='ltr' id='par_1_4' title="bbox 195 671 1974 751">
     <span class='ocr_line' id='line_1_8' title="bbox 195 671 1974 751; baseline 0.003 -18"><span class='ocrx_word' id='word_1_44' title='bbox 195 679 319 733; x_wconf 92' lang='lat' dir='ltr'>Non</span> <span class='ocrx_word' id='word_1_45' title='bbox 351 680 640 749; x_wconf 73' lang='lat' dir='ltr'>pharetrae</span> <span class='ocrx_word' id='word_1_46' title='bbox 674 683 769 734; x_wconf 89' lang='lat' dir='ltr'>aut</span> <span class='ocrx_word' id='word_1_47' title='bbox 799 680 991 751; x_wconf 89' lang='lat' dir='ltr'>iacula,</span> <span class='ocrx_word' id='word_1_48' title='bbox 1023 683 1076 733; x_wconf 90' lang='lat' dir='ltr'>et</span> <span class='ocrx_word' id='word_1_49' title='bbox 1107 699 1208 750; x_wconf 87' lang='lat' dir='ltr'>pro</span> <span class='ocrx_word' id='word_1_50' title='bbox 1241 682 1499 735; x_wconf 84' lang='lat' dir='ltr'>membris</span> <span class='ocrx_word' id='word_1_51' title='bbox 1533 702 1685 737; x_wconf 89' lang='lat' dir='ltr'>arma</span> <span class='ocrx_word' id='word_1_52' title='bbox 1714 683 1886 737; x_wconf 83' lang='lat' dir='ltr'>fuere:</span> <span class='ocrx_word' id='word_1_53' title='bbox 1972 671 1974 673; x_wconf 25' lang='lat'><strong><em>¹</em></strong></span> 
     </span>
    </p>
   </div>
   <div class='ocr_carea' id='block_1_4' title="bbox 190 753 1890 2302">
    <p class='ocr_par' dir='ltr' id='par_1_5' title="bbox 190 753 1886 898">
     <span class='ocr_line' id='line_1_9' title="bbox 191 753 1886 826; baseline 0.003 -20"><span class='ocrx_word' id='word_1_54' title='bbox 191 753 332 807; x_wconf 91' lang='lat' dir='ltr'>Tum</span> <span class='ocrx_word' id='word_1_55' title='bbox 371 771 538 824; x_wconf 89' lang='lat' dir='ltr'>graue</span> <span class='ocrx_word' id='word_1_56' title='bbox 579 755 748 808; x_wconf 86' lang='lat' dir='ltr'>cassis</span> <span class='ocrx_word' id='word_1_57' title='bbox 789 772 923 808; x_wconf 90' lang='lat' dir='ltr'>onus</span> <span class='ocrx_word' id='word_1_58' title='bbox 965 754 1276 826; x_wconf 90' lang='lat' dir='ltr'>maioraque</span> <span class='ocrx_word' id='word_1_59' title='bbox 1315 756 1556 826; x_wconf 87' lang='lat' dir='ltr'>pondera</span> <span class='ocrx_word' id='word_1_60' title='bbox 1593 758 1715 810; x_wconf 85' lang='lat' dir='ltr'>uisa</span> <span class='ocrx_word' id='word_1_61' title='bbox 1830 771 1886 812; x_wconf 84' lang='lat'>25</span> 
     </span>
     <span class='ocr_line' id='line_1_10' title="bbox 190 827 1626 898; baseline 0.003 -18"><span class='ocrx_word' id='word_1_62' title='bbox 190 827 527 898; x_wconf 89' lang='lat' dir='ltr'>Parmarum,</span> <span class='ocrx_word' id='word_1_63' title='bbox 568 846 630 881; x_wconf 91' lang='lat' dir='ltr'>ac</span> <span class='ocrx_word' id='word_1_64' title='bbox 667 828 829 881; x_wconf 89' lang='lat' dir='ltr'>nullis</span> <span class='ocrx_word' id='word_1_65' title='bbox 869 828 1020 882; x_wconf 87' lang='lat' dir='ltr'>fusae</span> <span class='ocrx_word' id='word_1_66' title='bbox 1061 829 1382 883; x_wconf 83' lang='lat' dir='ltr'>stridoribus</span> <span class='ocrx_word' id='word_1_67' title='bbox 1422 830 1626 884; x_wconf 86' lang='lat' dir='ltr'>hastae.</span> 
     </span>
    </p>

    <p class='ocr_par' dir='ltr' id='par_1_6' title="bbox 190 900 1888 1342">
     <span class='ocr_line' id='line_1_11' title="bbox 263 900 1620 958; baseline 0.003 -4"><span class='ocrx_word' id='word_1_68' title='bbox 263 900 448 954; x_wconf 91' lang='lat' dir='ltr'>Prima</span> <span class='ocrx_word' id='word_1_69' title='bbox 486 903 884 955; x_wconf 88' lang='lat' dir='ltr'>instaurantem</span> <span class='ocrx_word' id='word_1_70' title='bbox 927 903 1096 956; x_wconf 88' lang='lat' dir='ltr'>sensit</span> <span class='ocrx_word' id='word_1_71' title='bbox 1133 905 1432 957; x_wconf 88' lang='lat' dir='ltr'>certamina</span> <span class='ocrx_word' id='word_1_72' title='bbox 1469 905 1620 958; x_wconf 89' lang='lat' dir='ltr'>mitis</span> 
     </span>
     <span class='ocr_line' id='line_1_12' title="bbox 190 975 1767 1050; baseline 0.003 -22"><span class='ocrx_word' id='word_1_73' title='bbox 190 975 554 1046; x_wconf 79' lang='lat' dir='ltr'>Parthenope,</span> <span class='ocrx_word' id='word_1_74' title='bbox 593 994 702 1029; x_wconf 93' lang='lat' dir='ltr'>non</span> <span class='ocrx_word' id='word_1_75' title='bbox 743 976 893 1030; x_wconf 89' lang='lat' dir='ltr'>diues</span> <span class='ocrx_word' id='word_1_76' title='bbox 935 995 1123 1046; x_wconf 89' lang='lat' dir='ltr'>opum,</span> <span class='ocrx_word' id='word_1_77' title='bbox 1162 996 1273 1031; x_wconf 95' lang='lat' dir='ltr'>non</span> <span class='ocrx_word' id='word_1_78' title='bbox 1313 981 1497 1047; x_wconf 91' lang='lat' dir='ltr'>spreta</span> <span class='ocrx_word' id='word_1_79' title='bbox 1535 979 1767 1050; x_wconf 85' lang='lat' dir='ltr'>uigoris3</span> 
     </span>
     <span class='ocr_line' id='line_1_13' title="bbox 194 1048 1560 1120; baseline 0.001 -17"><span class='ocrx_word' id='word_1_80' title='bbox 194 1048 303 1103; x_wconf 90' lang='lat' dir='ltr'>Sed</span> <span class='ocrx_word' id='word_1_81' title='bbox 341 1052 534 1120; x_wconf 86' lang='lat' dir='ltr'>portus</span> <span class='ocrx_word' id='word_1_82' title='bbox 574 1053 789 1103; x_wconf 87' lang='lat' dir='ltr'>traxere</span> <span class='ocrx_word' id='word_1_83' title='bbox 830 1050 1018 1103; x_wconf 90' lang='lat' dir='ltr'>ducem</span> <span class='ocrx_word' id='word_1_84' title='bbox 1060 1069 1247 1104; x_wconf 86' lang='lat' dir='ltr'>secura</span> <span class='ocrx_word' id='word_1_85' title='bbox 1287 1053 1560 1105; x_wconf 88' lang='lat' dir='ltr'>uolentem</span> 
     </span>
     <span class='ocr_line' id='line_1_14' title="bbox 191 1122 1888 1197; baseline 0.002 -21"><span class='ocrx_word' id='word_1_86' title='bbox 191 1122 466 1194; x_wconf 86' lang='lat' dir='ltr'>Aequora,</span> <span class='ocrx_word' id='word_1_87' title='bbox 505 1142 641 1193; x_wconf 89' lang='lat' dir='ltr'>quae</span> <span class='ocrx_word' id='word_1_88' title='bbox 681 1127 891 1193; x_wconf 89' lang='lat' dir='ltr'>peteret</span> <span class='ocrx_word' id='word_1_89' title='bbox 931 1124 1151 1177; x_wconf 90' lang='lat' dir='ltr'>ueniens</span> <span class='ocrx_word' id='word_1_90' title='bbox 1193 1123 1523 1196; x_wconf 81' lang='lat' dir='ltr'>Carthagine</span> <span class='ocrx_word' id='word_1_91' title='bbox 1563 1127 1778 1197; x_wconf 72' lang='lat' dir='ltr'>puppis</span> <span class='ocrx_word' id='word_1_92' title='bbox 1830 1140 1888 1181; x_wconf 87' lang='lat'>30</span> 
     </span>
     <span class='ocr_line' id='line_1_15' title="bbox 191 1195 1590 1268; baseline 0.003 -18"><span class='ocrx_word' id='word_1_93' title='bbox 191 1195 350 1251; x_wconf 92' lang='lat' dir='ltr'>Nunc</span> <span class='ocrx_word' id='word_1_94' title='bbox 390 1198 581 1251; x_wconf 89' lang='lat' dir='ltr'>molles</span> <span class='ocrx_word' id='word_1_95' title='bbox 621 1197 743 1250; x_wconf 89' lang='lat' dir='ltr'>urbi</span> <span class='ocrx_word' id='word_1_96' title='bbox 781 1198 917 1251; x_wconf 88' lang='lat' dir='ltr'>ritus</span> <span class='ocrx_word' id='word_1_97' title='bbox 958 1202 1119 1266; x_wconf 89' lang='lat' dir='ltr'>atque</span> <span class='ocrx_word' id='word_1_98' title='bbox 1159 1198 1377 1268; x_wconf 87' lang='lat' dir='ltr'>hospita</span> <span class='ocrx_word' id='word_1_99' title='bbox 1415 1198 1590 1254; x_wconf 87' lang='lat' dir='ltr'>Musis</span> 
     </span>
     <span class='ocr_line' id='line_1_16' title="bbox 194 1270 1580 1342; baseline 0.001 -17"><span class='ocrx_word' id='word_1_100' title='bbox 194 1270 320 1325; x_wconf 90' lang='lat' dir='ltr'>Otia</span> <span class='ocrx_word' id='word_1_101' title='bbox 360 1274 414 1323; x_wconf 88' lang='lat' dir='ltr'>et</span> <span class='ocrx_word' id='word_1_102' title='bbox 455 1275 764 1341; x_wconf 86' lang='lat' dir='ltr'>exemptum</span> <span class='ocrx_word' id='word_1_103' title='bbox 805 1272 947 1325; x_wconf 88' lang='lat' dir='ltr'>curis</span> <span class='ocrx_word' id='word_1_104' title='bbox 988 1272 1333 1342; x_wconf 89' lang='lat' dir='ltr'>grauioribus</span> <span class='ocrx_word' id='word_1_105' title='bbox 1375 1292 1580 1327; x_wconf 86' lang='lat' dir='ltr'>aeuum.</span> 
     </span>
    </p>

    <p class='ocr_par' dir='ltr' id='par_1_7' title="bbox 192 1344 1888 1639">
     <span class='ocr_line' id='line_1_17' title="bbox 195 1344 1622 1416; baseline 0.004 -19"><span class='ocrx_word' id='word_1_106' title='bbox 195 1344 446 1398; x_wconf 82' lang='lat' dir='ltr'>Sirenum</span> <span class='ocrx_word' id='word_1_107' title='bbox 487 1345 636 1399; x_wconf 85' lang='lat' dir='ltr'>dedit</span> <span class='ocrx_word' id='word_1_108' title='bbox 674 1364 781 1398; x_wconf 91' lang='lat' dir='ltr'>una</span> <span class='ocrx_word' id='word_1_109' title='bbox 814 1364 986 1416; x_wconf 89' lang='lat' dir='ltr'>suum,</span> <span class='ocrx_word' id='word_1_110' title='bbox 1019 1347 1384 1416; x_wconf 86' lang='lat' dir='ltr'>memorabile,</span> <span class='ocrx_word' id='word_1_111' title='bbox 1423 1366 1622 1402; x_wconf 92' lang='lat' dir='ltr'>nomen</span> 
     </span>
     <span class='ocr_line' id='line_1_18' title="bbox 192 1418 1561 1490; baseline 0.003 -19"><span class='ocrx_word' id='word_1_112' title='bbox 192 1419 538 1489; x_wconf 91' lang='lat' dir='ltr'>Parthenope</span> <span class='ocrx_word' id='word_1_113' title='bbox 578 1420 747 1472; x_wconf 88' lang='lat' dir='ltr'>muris</span> <span class='ocrx_word' id='word_1_114' title='bbox 785 1418 1098 1489; x_wconf 80' lang='lat' dir='ltr'>AcheloiaS,</span> <span class='ocrx_word' id='word_1_115' title='bbox 1138 1438 1370 1490; x_wconf 87' lang='lat' dir='ltr'>aequore</span> <span class='ocrx_word' id='word_1_116' title='bbox 1410 1421 1561 1475; x_wconf 91' lang='lat' dir='ltr'>cuius</span> 
     </span>
     <span class='ocr_line' id='line_1_19' title="bbox 193 1492 1888 1565; baseline 0.003 -20"><span class='ocrx_word' id='word_1_117' title='bbox 193 1492 511 1563; x_wconf 84' lang='lat' dir='ltr'>Regnauere</span> <span class='ocrx_word' id='word_1_118' title='bbox 551 1493 643 1546; x_wconf 85' lang='lat' dir='ltr'>diu</span> <span class='ocrx_word' id='word_1_119' title='bbox 683 1496 900 1564; x_wconf 80' lang='lat' dir='ltr'>cantUS,</span> <span class='ocrx_word' id='word_1_120' title='bbox 937 1513 1057 1548; x_wconf 91' lang='lat' dir='ltr'>cum</span> <span class='ocrx_word' id='word_1_121' title='bbox 1099 1494 1248 1548; x_wconf 85' lang='lat' dir='ltr'>dulce</span> <span class='ocrx_word' id='word_1_122' title='bbox 1287 1513 1384 1565; x_wconf 90' lang='lat' dir='ltr'>per</span> <span class='ocrx_word' id='word_1_123' title='bbox 1421 1496 1593 1549; x_wconf 89' lang='lat' dir='ltr'>undas</span> <span class='ocrx_word' id='word_1_124' title='bbox 1831 1510 1888 1550; x_wconf 85' lang='lat'>35</span> 
     </span>
     <span class='ocr_line' id='line_1_20' title="bbox 194 1566 1636 1639; baseline 0.003 -20"><span class='ocrx_word' id='word_1_125' title='bbox 194 1566 437 1620; x_wconf 85' lang='lat' dir='ltr'>Exitium</span> <span class='ocrx_word' id='word_1_126' title='bbox 478 1567 691 1621; x_wconf 86' lang='lat' dir='ltr'>miseris</span> <span class='ocrx_word' id='word_1_127' title='bbox 732 1571 950 1621; x_wconf 86' lang='lat' dir='ltr'>caneret</span> <span class='ocrx_word' id='word_1_128' title='bbox 988 1586 1099 1622; x_wconf 94' lang='lat' dir='ltr'>non</span> <span class='ocrx_word' id='word_1_129' title='bbox 1138 1587 1401 1639; x_wconf 87' lang='lat' dir='ltr'>prospera</span> <span class='ocrx_word' id='word_1_130' title='bbox 1437 1570 1636 1623; x_wconf 76' lang='lat' dir='ltr'>nautis,</span> 
     </span>
    </p>

    <p class='ocr_par' dir='ltr' id='par_1_8' title="bbox 194 1640 1890 1786">
     <span class='ocr_line' id='line_1_21' title="bbox 194 1640 1890 1715; baseline 0.002 -21"><span class='ocrx_word' id='word_1_131' title='bbox 194 1640 342 1694; x_wconf 84' lang='lat' dir='ltr'>Haec</span> <span class='ocrx_word' id='word_1_132' title='bbox 367 1660 507 1711; x_wconf 91' lang='lat' dir='ltr'>pone</span> <span class='ocrx_word' id='word_1_133' title='bbox 533 1659 909 1712; x_wconf 87' lang='lat' dir='ltr'>aggressus—</span> <span class='ocrx_word' id='word_1_134' title='bbox 922 1661 1050 1695; x_wconf 91' lang='lat' dir='ltr'>nam</span> <span class='ocrx_word' id='word_1_135' title='bbox 1067 1642 1302 1696; x_wconf 82' lang='lat' dir='ltr'>frontem</span> <span class='ocrx_word' id='word_1_136' title='bbox 1321 1645 1590 1697; x_wconf 84' lang='lat' dir='ltr'>clauserat</span> <span class='ocrx_word' id='word_1_137' title='bbox 1608 1651 1890 1715; x_wconf 84' lang='lat' dir='ltr'>aequor—-</span> 
     </span>
     <span class='ocr_line' id='line_1_22' title="bbox 195 1714 1598 1786; baseline 0.003 -19"><span class='ocrx_word' id='word_1_138' title='bbox 195 1714 427 1783; x_wconf 90' lang='lat' dir='ltr'>Moenia,</span> <span class='ocrx_word' id='word_1_139' title='bbox 466 1734 576 1769; x_wconf 93' lang='lat' dir='ltr'>non</span> <span class='ocrx_word' id='word_1_140' title='bbox 616 1716 759 1768; x_wconf 88' lang='lat' dir='ltr'>ullas</span> <span class='ocrx_word' id='word_1_141' title='bbox 801 1716 974 1768; x_wconf 90' lang='lat' dir='ltr'>ualuit</span> <span class='ocrx_word' id='word_1_142' title='bbox 1014 1716 1347 1786; x_wconf 88' lang='lat' dir='ltr'>perfringere</span> <span class='ocrx_word' id='word_1_143' title='bbox 1387 1717 1598 1771; x_wconf 89' lang='lat' dir='ltr'>Poenus</span> 
     </span>
    </p>

    <p class='ocr_par' dir='ltr' id='par_1_9' title="bbox 196 1788 1494 1859">
     <span class='ocr_line' id='line_1_23' title="bbox 196 1788 1494 1859; baseline 0.002 -19"><span class='ocrx_word' id='word_1_144' title='bbox 196 1788 336 1841; x_wconf 90' lang='lat' dir='ltr'>Tota</span> <span class='ocrx_word' id='word_1_145' title='bbox 377 1790 519 1841; x_wconf 90' lang='lat' dir='ltr'>mole</span> <span class='ocrx_word' id='word_1_146' title='bbox 558 1790 677 1841; x_wconf 88' lang='lat' dir='ltr'>uias</span> <span class='ocrx_word' id='word_1_147' title='bbox 716 1789 1026 1859; x_wconf 86' lang='lat' dir='ltr'>frustraque</span> <span class='ocrx_word' id='word_1_148' title='bbox 1066 1790 1336 1858; x_wconf 89' lang='lat' dir='ltr'>inglorius</span> <span class='ocrx_word' id='word_1_149' title='bbox 1376 1790 1494 1843; x_wconf 90' lang='lat' dir='ltr'>ausi</span> 
     </span>
    </p>

    <p class='ocr_par' dir='ltr' id='par_1_10' title="bbox 193 1861 1889 2157">
     <span class='ocr_line' id='line_1_24' title="bbox 193 1861 1889 1933; baseline 0.004 -19"><span class='ocrx_word' id='word_1_150' title='bbox 193 1861 446 1915; x_wconf 89' lang='lat' dir='ltr'>Pulsauit</span> <span class='ocrx_word' id='word_1_151' title='bbox 486 1862 735 1932; x_wconf 89' lang='lat' dir='ltr'>quatiens</span> <span class='ocrx_word' id='word_1_152' title='bbox 777 1863 1086 1916; x_wconf 89' lang='lat' dir='ltr'>obstructas</span> <span class='ocrx_word' id='word_1_153' title='bbox 1127 1864 1295 1916; x_wconf 87' lang='lat' dir='ltr'>ariete</span> <span class='ocrx_word' id='word_1_154' title='bbox 1335 1867 1538 1933; x_wconf 75' lang='lat' dir='ltr'>portas,</span> <span class='ocrx_word' id='word_1_155' title='bbox 1831 1880 1889 1921; x_wconf 83' lang='lat'>40</span> 
     </span>
     <span class='ocr_line' id='line_1_25' title="bbox 196 1934 1613 1993; baseline 0.003 -5"><span class='ocrx_word' id='word_1_156' title='bbox 196 1934 392 1989; x_wconf 82' lang='lat' dir='ltr'>Stabat</span> <span class='ocrx_word' id='word_1_157' title='bbox 432 1934 744 1990; x_wconf 85' lang='lat' dir='ltr'>Cannarum</span> <span class='ocrx_word' id='word_1_158' title='bbox 784 1936 964 1990; x_wconf 84' lang='lat' dir='ltr'>Graia</span> <span class='ocrx_word' id='word_1_159' title='bbox 990 1937 1057 1990; x_wconf 89' lang='lat' dir='ltr'>ad</span> <span class='ocrx_word' id='word_1_160' title='bbox 1098 1937 1398 1991; x_wconf 85' lang='lat' dir='ltr'>munimina</span> <span class='ocrx_word' id='word_1_161' title='bbox 1435 1939 1613 1993; x_wconf 88' lang='lat' dir='ltr'>uictor</span> 
     </span>
     <span class='ocr_line' id='line_1_26' title="bbox 194 2008 1723 2082; baseline 0.003 -20"><span class='ocrx_word' id='word_1_162' title='bbox 194 2008 567 2080; x_wconf 87' lang='lat' dir='ltr'>Nequicquam</span> <span class='ocrx_word' id='word_1_163' title='bbox 608 2013 662 2062; x_wconf 91' lang='lat' dir='ltr'>et</span> <span class='ocrx_word' id='word_1_164' title='bbox 702 2013 892 2063; x_wconf 89' lang='lat' dir='ltr'>cautae</span> <span class='ocrx_word' id='word_1_165' title='bbox 933 2011 1129 2064; x_wconf 89' lang='lat' dir='ltr'>mentis</span> <span class='ocrx_word' id='word_1_166' title='bbox 1170 2013 1418 2065; x_wconf 89' lang='lat' dir='ltr'>consulta</span> <span class='ocrx_word' id='word_1_167' title='bbox 1454 2013 1723 2082; x_wconf 85' lang='lat' dir='ltr'>probabat</span> 
     </span>
     <span class='ocr_line' id='line_1_27' title="bbox 193 2082 1512 2157; baseline 0.003 -22"><span class='ocrx_word' id='word_1_168' title='bbox 193 2082 434 2153; x_wconf 88' lang='lat' dir='ltr'>Euentu,</span> <span class='ocrx_word' id='word_1_169' title='bbox 474 2084 565 2154; x_wconf 92' lang='lat' dir='ltr'>qui</span> <span class='ocrx_word' id='word_1_170' title='bbox 603 2087 731 2153; x_wconf 84' lang='lat' dir='ltr'>post</span> <span class='ocrx_word' id='word_1_171' title='bbox 771 2083 951 2137; x_wconf 90' lang='lat' dir='ltr'>Dauni</span> <span class='ocrx_word' id='word_1_172' title='bbox 992 2086 1306 2155; x_wconf 89' lang='lat' dir='ltr'>stagnantia</span> <span class='ocrx_word' id='word_1_173' title='bbox 1343 2104 1512 2157; x_wconf 87' lang='lat' dir='ltr'>regna</span> 
     </span>
    </p>

    <p class='ocr_par' dir='ltr' id='par_1_11' title="bbox 197 2154 1600 2228">
     <span class='ocr_line' id='line_1_28' title="bbox 197 2154 1600 2228; baseline 0.004 -19"><span class='ocrx_word' id='word_1_174' title='bbox 197 2154 471 2228; x_wconf 85' lang='lat' dir='ltr'>Sanguine</span> <span class='ocrx_word' id='word_1_175' title='bbox 512 2157 773 2228; x_wconf 85' lang='lat' dir='ltr'>Tarpeias</span> <span class='ocrx_word' id='word_1_176' title='bbox 814 2159 892 2211; x_wconf 90' lang='lat' dir='ltr'>ire</span> <span class='ocrx_word' id='word_1_177' title='bbox 934 2158 1288 2212; x_wconf 89' lang='lat' dir='ltr'>abstinuisset</span> <span class='ocrx_word' id='word_1_178' title='bbox 1325 2159 1393 2212; x_wconf 91' lang='lat' dir='ltr'>ad</span> <span class='ocrx_word' id='word_1_179' title='bbox 1433 2178 1600 2214; x_wconf 86' lang='lat' dir='ltr'>arces.</span> 
     </span>
    </p>

    <p class='ocr_par' dir='ltr' id='par_1_12' title="bbox 196 2230 1888 2302">
     <span class='ocr_line' id='line_1_29' title="bbox 196 2230 1888 2302; baseline 0.004 -19"><span class='ocrx_word' id='word_1_180' title='bbox 196 2230 325 2300; x_wconf 75' lang='lat' dir='ltr'>‘En,</span> <span class='ocrx_word' id='word_1_181' title='bbox 366 2231 458 2301; x_wconf 89' lang='lat' dir='ltr'>qui</span> <span class='ocrx_word' id='word_1_182' title='bbox 497 2249 596 2284; x_wconf 89' lang='lat' dir='ltr'>nos</span> <span class='ocrx_word' id='word_1_183' title='bbox 638 2249 828 2302; x_wconf 89' lang='lat' dir='ltr'>segnes</span> <span class='ocrx_word' id='word_1_184' title='bbox 871 2235 924 2284; x_wconf 92' lang='lat' dir='ltr'>et</span> <span class='ocrx_word' id='word_1_185' title='bbox 962 2234 1170 2286; x_wconf 87' lang='lat' dir='ltr'>nescire</span> <span class='ocrx_word' id='word_1_186' title='bbox 1210 2233 1403 2286; x_wconf 88' lang='lat' dir='ltr'>addere</span> <span class='ocrx_word' id='word_1_187' title='bbox 1443 2251 1657 2287; x_wconf 87' lang='lat' dir='ltr'>cursum</span> <span class='ocrx_word' id='word_1_188' title='bbox 1831 2248 1888 2289; x_wconf 87' lang='lat'>45</span> 
     </span>
    </p>
   </div>
   <div class='ocr_carea' id='block_1_5' title="bbox 195 2389 366 2393">
    <p class='ocr_par' dir='ltr' id='par_1_13' title="bbox 195 2389 366 2393">
     <span class='ocr_line' id='line_1_30' title="bbox 195 2389 366 2393; baseline 0 0"><span class='ocrx_word' id='word_1_189' title='bbox 195 2389 366 2393; x_wconf 95' lang='lat' dir='ltr'> </span> 
     </span>
    </p>
   </div>
   <div class='ocr_carea' id='block_1_6' title="bbox 195 2495 1906 2955">
    <p class='ocr_par' dir='ltr' id='par_1_14' title="bbox 195 2495 1906 2955">
     <span class='ocr_line' id='line_1_31' title="bbox 318 2495 1888 2543; baseline 0.002 -4"><span class='ocrx_word' id='word_1_190' title='bbox 318 2501 372 2540; x_wconf 87' lang='grc'>18</span> <span class='ocrx_word' id='word_1_191' title='bbox 403 2495 637 2540; x_wconf 87' lang='lat' dir='ltr'>labefacta</span> <span class='ocrx_word' id='word_1_192' title='bbox 663 2495 885 2541; x_wconf 77' lang='lat' dir='ltr'>Heinsius</span> <span class='ocrx_word' id='word_1_193' title='bbox 908 2500 949 2541; x_wconf 84' lang='lat' dir='ltr'>et</span> <span class='ocrx_word' id='word_1_194' title='bbox 973 2495 1199 2542; x_wconf 77' lang='lat' dir='ltr'>Schrader</span> <span class='ocrx_word' id='word_1_195' title='bbox 1293 2501 1346 2541; x_wconf 86' lang='lat'>19</span> <span class='ocrx_word' id='word_1_196' title='bbox 1379 2495 1439 2540; x_wconf 88' lang='lat' dir='ltr'>Et</span> <span class='ocrx_word' id='word_1_197' title='bbox 1470 2496 1621 2541; x_wconf 86' lang='lat' dir='ltr'>somni</span> <span class='ocrx_word' id='word_1_198' title='bbox 1653 2495 1888 2543; x_wconf 83' lang='lat' dir='ltr'>illecebris</span> 
     </span>
     <span class='ocr_line' id='line_1_32' title="bbox 203 2553 1890 2615; baseline 0.004 -19"><span class='ocrx_word' id='word_1_199' title='bbox 203 2554 420 2599; x_wconf 84' lang='lat' dir='ltr'>Heinsius</span> <span class='ocrx_word' id='word_1_200' title='bbox 599 2558 658 2598; x_wconf 82' lang='lat'>24</span> <span class='ocrx_word' id='word_1_201' title='bbox 689 2553 847 2599; x_wconf 86' lang='lat' dir='ltr'>fouere</span> <span class='ocrx_word' id='word_1_202' title='bbox 879 2555 1103 2600; x_wconf 77' lang='lat' dir='ltr'>Heinsius</span> <span class='ocrx_word' id='word_1_203' title='bbox 1282 2560 1339 2600; x_wconf 82' lang='lat'>25</span> <span class='ocrx_word' id='word_1_204' title='bbox 1371 2555 1491 2599; x_wconf 88' lang='lat' dir='ltr'>Tum</span> <span class='ocrx_word' id='word_1_205' title='bbox 1522 2561 1549 2599; x_wconf 81' lang='grc'><strong>8</strong></span> <span class='ocrx_word' id='word_1_206' title='bbox 1587 2556 1718 2600; x_wconf 85' lang='lat' dir='ltr'>Tunc</span> <span class='ocrx_word' id='word_1_207' title='bbox 1747 2557 1890 2615; x_wconf 74' lang='lat' dir='ltr'>uulyo</span> 
     </span>
     <span class='ocr_line' id='line_1_33' title="bbox 196 2613 1887 2670; baseline 0.002 -15"><span class='ocrx_word' id='word_1_208' title='bbox 196 2616 252 2655; x_wconf 80' lang='lat'>28</span> <span class='ocrx_word' id='word_1_209' title='bbox 292 2614 394 2657; x_wconf 84' lang='lat' dir='ltr'>tum</span> <span class='ocrx_word' id='word_1_210' title='bbox 427 2628 517 2670; x_wconf 84' lang='lat' dir='ltr'>spr.</span> <span class='ocrx_word' id='word_1_211' title='bbox 550 2629 594 2658; x_wconf 92' lang='lat' dir='ltr'>u.</span> <span class='ocrx_word' id='word_1_212' title='bbox 628 2614 855 2659; x_wconf 79' lang='lat' dir='ltr'>Heinsius</span> <span class='ocrx_word' id='word_1_213' title='bbox 900 2628 995 2659; x_wconf 88' lang='lat' dir='ltr'>non</span> <span class='ocrx_word' id='word_1_214' title='bbox 1025 2613 1154 2659; x_wconf 87' lang='lat' dir='ltr'>laeta</span> <span class='ocrx_word' id='word_1_215' title='bbox 1183 2616 1257 2659; x_wconf 85' lang='lat' dir='ltr'>uel</span> <span class='ocrx_word' id='word_1_216' title='bbox 1293 2614 1393 2659; x_wconf 85' lang='lat' dir='ltr'>feta.</span> <span class='ocrx_word' id='word_1_217' title='bbox 1423 2629 1468 2659; x_wconf 92' lang='lat' dir='ltr'>u.</span> <span class='ocrx_word' id='word_1_218' title='bbox 1499 2614 1750 2660; x_wconf 75' lang='lat' dir='ltr'>Burmann</span> <span class='ocrx_word' id='word_1_219' title='bbox 1795 2628 1887 2659; x_wconf 88' lang='lat' dir='ltr'>non</span> 
     </span>
     <span class='ocr_line' id='line_1_34' title="bbox 196 2671 1889 2729; baseline 0.002 -15"><span class='ocrx_word' id='word_1_220' title='bbox 196 2672 330 2717; x_wconf 84' lang='lat' dir='ltr'>sueta</span> <span class='ocrx_word' id='word_1_221' title='bbox 360 2671 515 2728; x_wconf 87' lang='lat' dir='ltr'>uigori</span> <span class='ocrx_word' id='word_1_222' title='bbox 545 2673 773 2718; x_wconf 81' lang='lat' dir='ltr'>Schrader</span> <span class='ocrx_word' id='word_1_223' title='bbox 893 2678 950 2718; x_wconf 88' lang='lat'>30</span> <span class='ocrx_word' id='word_1_224' title='bbox 983 2672 1146 2718; x_wconf 85' lang='lat' dir='ltr'>Litora</span> <span class='ocrx_word' id='word_1_225' title='bbox 1178 2673 1404 2719; x_wconf 77' lang='lat' dir='ltr'>Schrader</span> <span class='ocrx_word' id='word_1_226' title='bbox 1428 2698 1484 2707; x_wconf 89' lang='lat'>—</span> <span class='ocrx_word' id='word_1_227' title='bbox 1517 2686 1633 2729; x_wconf 82' lang='lat' dir='ltr'>quos</span> <span class='ocrx_word' id='word_1_228' title='bbox 1664 2674 1889 2719; x_wconf 79' lang='lat' dir='ltr'>Heinsius</span> 
     </span>
     <span class='ocr_line' id='line_1_35' title="bbox 195 2730 1888 2791; baseline 0.002 -18"><span class='ocrx_word' id='word_1_229' title='bbox 195 2734 250 2774; x_wconf 88' lang='lat'>31</span> <span class='ocrx_word' id='word_1_230' title='bbox 284 2730 418 2774; x_wconf 87' lang='lat' dir='ltr'>Nunc</span> <span class='ocrx_word' id='word_1_231' title='bbox 451 2735 546 2773; x_wconf 81' lang='lat' dir='ltr'>Chs</span> <span class='ocrx_word' id='word_1_232' title='bbox 588 2731 710 2776; x_wconf 89' lang='lat' dir='ltr'>Nam</span> <span class='ocrx_word' id='word_1_233' title='bbox 742 2733 884 2791; x_wconf 74' lang='lat' dir='ltr'>uulyo</span> <span class='ocrx_word' id='word_1_234' title='bbox 975 2737 1030 2777; x_wconf 88' lang='lat'>33</span> <span class='ocrx_word' id='word_1_235' title='bbox 1064 2746 1198 2776; x_wconf 86' lang='lat' dir='ltr'>suum</span> <span class='ocrx_word' id='word_1_236' title='bbox 1230 2733 1279 2777; x_wconf 89' lang='lat' dir='ltr'>et</span> <span class='ocrx_word' id='word_1_237' title='bbox 1307 2733 1548 2778; x_wconf 86' lang='lat' dir='ltr'>Nicander</span> <span class='ocrx_word' id='word_1_238' title='bbox 1577 2731 1672 2776; x_wconf 80' lang='lat' dir='ltr'>suis</span> <span class='ocrx_word' id='word_1_239' title='bbox 1705 2733 1888 2790; x_wconf 85' lang='lat' dir='ltr'>(muris)</span> 
     </span>
     <span class='ocr_line' id='line_1_36' title="bbox 196 2788 1888 2847; baseline 0.001 -15"><span class='ocrx_word' id='word_1_240' title='bbox 196 2788 421 2834; x_wconf 77' lang='lat' dir='ltr'>Heinsius</span> <span class='ocrx_word' id='word_1_241' title='bbox 468 2803 650 2833; x_wconf 84' lang='lat' dir='ltr'>sacrum</span> <span class='ocrx_word' id='word_1_242' title='bbox 691 2792 739 2835; x_wconf 90' lang='lat' dir='ltr'>et</span> <span class='ocrx_word' id='word_1_243' title='bbox 786 2791 977 2847; x_wconf 79' lang='lat' dir='ltr'>Withof,</span> <span class='ocrx_word' id='word_1_244' title='bbox 1009 2792 1086 2837; x_wconf 85' lang='lat' dir='ltr'>sed</span> <span class='ocrx_word' id='word_1_245' title='bbox 1116 2793 1175 2846; x_wconf 78' lang='lat' dir='ltr'>cf.</span> <span class='ocrx_word' id='word_1_246' title='bbox 1199 2792 1301 2836; x_wconf 89' lang='lat' dir='ltr'><strong><em>III.</em></strong></span> <span class='ocrx_word' id='word_1_247' title='bbox 1327 2795 1421 2837; x_wconf 86' lang='lat'>669</span> <span class='ocrx_word' id='word_1_248' title='bbox 1541 2795 1597 2835; x_wconf 79' lang='lat'>37</span> <span class='ocrx_word' id='word_1_249' title='bbox 1628 2803 1751 2847; x_wconf 88' lang='lat' dir='ltr'>peno</span> <span class='ocrx_word' id='word_1_250' title='bbox 1781 2794 1888 2834; x_wconf 78' lang='lat' dir='ltr'>Lov</span> 
     </span>
     <span class='ocr_line' id='line_1_37' title="bbox 195 2848 1883 2907; baseline 0.001 -15"><span class='ocrx_word' id='word_1_251' title='bbox 195 2861 346 2904; x_wconf 88' lang='lat' dir='ltr'>poeno</span> <span class='ocrx_word' id='word_1_252' title='bbox 386 2852 420 2889; x_wconf 76' lang='lat' dir='ltr'><strong>F</strong></span> <span class='ocrx_word' id='word_1_253' title='bbox 452 2873 508 2880; x_wconf 90' lang='lat'><em>-</em></span> <span class='ocrx_word' id='word_1_254' title='bbox 542 2862 786 2905; x_wconf 85' lang='lat' dir='ltr'>aegressus</span> <span class='ocrx_word' id='word_1_255' title='bbox 824 2854 859 2892; x_wconf 75' lang='grc' dir='ltr'>Ε·</span> <span class='ocrx_word' id='word_1_256' title='bbox 908 2864 1120 2907; x_wconf 84' lang='lat' dir='ltr'>egressus</span> <span class='ocrx_word' id='word_1_257' title='bbox 1152 2854 1258 2893; x_wconf 77' lang='lat' dir='ltr'>Lov</span> <span class='ocrx_word' id='word_1_258' title='bbox 1379 2854 1449 2894; x_wconf 87' lang='lat'>38.</span> <span class='ocrx_word' id='word_1_259' title='bbox 1484 2854 1539 2893; x_wconf 86' lang='lat'>39</span> <span class='ocrx_word' id='word_1_260' title='bbox 1571 2862 1665 2894; x_wconf 91' lang='lat' dir='ltr'>non</span> <span class='ocrx_word' id='word_1_261' title='bbox 1697 2848 1796 2893; x_wconf 89' lang='lat' dir='ltr'>ulla</span> <span class='ocrx_word' id='word_1_262' title='bbox 1829 2875 1883 2882; x_wconf 83' lang='lat'>-—</span> 
     </span>
     <span class='ocr_line' id='line_1_38' title="bbox 195 2906 1906 2955; baseline 0.002 -5"><span class='ocrx_word' id='word_1_263' title='bbox 195 2906 339 2951; x_wconf 82' lang='lat' dir='ltr'>Tutas</span> <span class='ocrx_word' id='word_1_264' title='bbox 370 2906 446 2952; x_wconf 81' lang='lat' dir='ltr'>uel</span> <span class='ocrx_word' id='word_1_265' title='bbox 475 2920 571 2951; x_wconf 91' lang='lat' dir='ltr'>non</span> <span class='ocrx_word' id='word_1_266' title='bbox 602 2908 722 2952; x_wconf 82' lang='lat' dir='ltr'>ullas</span> <span class='ocrx_word' id='word_1_267' title='bbox 755 2934 809 2941; x_wconf 92' lang='lat'><em>-</em></span> <span class='ocrx_word' id='word_1_268' title='bbox 843 2908 964 2953; x_wconf 88' lang='lat' dir='ltr'>Tuta</span> <span class='ocrx_word' id='word_1_269' title='bbox 995 2909 1220 2955; x_wconf 80' lang='lat' dir='ltr'>Heinsius</span> <span class='ocrx_word' id='word_1_270' title='bbox 1904 2926 1906 2929; x_wconf 90' lang='lat'><em>·</em></span> 
     </span>
    </p>
   </div>
  </div>
 </body>
</html>
