1988 3190
602 109 962 193 PUNJQRUM
993 110 1174 156 LIBER
1205 112 1326 157 XIV.
1703 112 1809 166 107

119 245 394 316 Ingemuit
433 245 601 299 nimio
642 245 772 298 iuris
813 249 1134 316 tantumque
1173 247 1332 300 licere
1722 263 1808 303 670

122 319 355 373 Horruit
393 323 462 388 et,
493 338 720 389 propere
759 323 1012 373 reuocata
1051 321 1242 374 militis
1282 322 1381 390 ira,

119 393 288 446 Iussit
326 396 468 446 stare
509 393 713 462 (1011108,
752 393 1040 465 indulgens
1080 396 1286 464 templa
1323 397 1554 449 uetustis

117 466 361 521 Incolere
401 470 565 537 atque
604 467 854 520 habitare
894 468 1022 521 deis,
1086 468 1163 521 sic
1201 487 1421 539 parcere
1460 470 1619 524 uictis

116 539 223 594 Pro
262 541 460 610 praeda
499 540 620 610 fuit,
658 544 714 594 et
753 559 869 594 sese
908 545 1160 595 contenta
1198 543 1448 596 nec‘ullo

118 613 393 685 Sanguine
431 615 659 685 pollutis
698 615 903 685 plausit
942 614 1188 669 Uictoria
1225 617 1434 686 penniS.
1717 632 1803 673 675

116 688 198 740 Tu
239 706 452 758 quoque
492 688 727 742 ductoris
767 689 1033 757 lacrimam,
1073 691 1436 759 memorande,
1476 691 1668 756 tulisti,

114 762 383 815 Defensor
419 763 645 832 patriae,
683 762 1034 815 meditantem
1075 764 1132 816 in
1171 765 1393 833 puluere
1433 764 1639 818 formas

115 833 230 889 Nec
269 836 552 890 turbatum
591 836 757 889 animi
795 840 950 890 tanta
987 836 1213 890 feriente
1253 840 1423 892 ruina.

187 910 291 962 Ast
329 910 596 980 reliquum
636 910 850 980 uulgUS,
887 911 1129 964 resoluta
1167 911 1226 964 in
1264 910 1463 981 gaudia
1504 917 1698 982 mente,

113 980 402 1036 Certarunt
441 984 574 1037 uicti
611 984 923 1038 uictoribus„
987 986 1228 1038 aemulus
1268 986 1386 1055 ipse
1717 1001 1803 1042 680

110 1055 326 1126 Ingenii
367 1075 634 1126 superum,
676 1058 940 1111 seruando
983 1058 1222 1111 condidit
1259 1060 1465 1113 urbem.

111 1129 262 1200 Ergo
302 1134 454 1184 extat
494 1132 685 1185 saeclis
725 1133 999 1201 stabitque
1038 1132 1251 1203 insigne
1291 1134 1615 1203 trophaeum

111 1202 186 1257 Et
226 1205 377 1258 dabit
417 1205 669 1274 antiquos
710 1207 994 1259 ductorum
1034 1225 1256 1260 noscere
1294 1226 1487 1261 mores,

183 1277 392 1332 Felices
431 1279 643 1349 populi!
684 1279 744 1349 si,
786 1280 1058 1349 quondam
1098 1283 1159 1333 ut
1198 1280 1344 1334 bella
1384 1282 1649 1347 solebant,
1713 1296 1800 1336 684

110 1349 270 1405 Nunc
303 1370 514 1422 quoque
539 1354 888 1407 inexhaustas
922 1372 1027 1424 pax
1051 1356 1243 1407 nostra
1266 1356 1592 1424 relinqueret
1623 1357 1799 1410 urbes.

113 1423 204 1493 At,
241 1426 299 1478 ni
338 1443 466 1479 cura
503 1426 623 1494 uiri,
663 1427 756 1496 qui
794 1445 934 1479 nunc
976 1427 1124 1480 dedit
1165 1428 1277 1480 otia
1317 1429 1532 1499 mund0‚

112 1499 393 1552 Effrenum
435 1503 641 1553 arceret
680 1501 975 1570 populandi
1015 1504 1209 1554 cuncta
1247 1501 1503 1573 furorem,

115 1571 427 1626 Nudassent
467 1573 659 1650 auidae
695 1577 975 1643 terrasque
1014 1574 1322 1645 fretumque
1361 1576 1598 1646 rapinae.

225 1781 310 1821 670
340 1775 486 1821 nimio
518 1777 631 1822 iuris
662 1778 801 1823 Blass
838 1777 947 1823 iuno
980 1778 1094 1823 uiris
1125 1784 1157 1821 1.
1197 1778 1246 1823 in
1277 1794 1367 1824 uno
1399 1779 1513 1825 iuris
1545 1786 1579 1824 F
1618 1780 1669 1825 in
1700 1796 1795 1827 uno

104 1834 220 1879 uiris
245 1839 315 1878 ΟΥ
345 1835 541 1880 nimium
572 1836 684 1882 iuris
715 1838 855 1895 uulyo
894 1837 1091 1882 nimium
1122 1838 1261 1883 uictis
1286 1839 1437 1884 Barth
1468 1839 1636 1884 nimias
1669 1840 1795 1885 uires

105 1894 179 1938 uel
209 1894 379 1939 nimius
412 1895 524 1940 iuris
557 1896 780 1941 Heinsius
900 1901 985 1941 679
1020 1898 1105 1941 Ast
1139 1901 1164 1939 S
1207 1896 1271 1941 At
1301 1899 1442 1955 uulyo
1566 1904 1651 1944 680
1687 1897 1795 1945 Cer-

104 1953 261 1996 tarent
294 1959 320 1996 S
441 1958 524 1999 682
559 1953 697 2000 seclis
729 1960 762 1998 13·
810 1954 932 2000 sedis
965 1959 1070 1998 Lov
1195 1961 1279 2002 686
1313 1961 1378 2002 Ac
1412 1962 1473 2000 ch
