1988 3190
633 142 991 189 PUNICORUM
1020 142 1202 188 LIBER
1233 143 1331 188 XV.
1731 143 1842 198 133

152 279 419 334 Occubuit
459 279 618 350 clipei
656 279 918 332 transfixo
958 279 1205 363 proditus
1246 295 1366 332 aere

149 353 228 408 Et
267 372 386 408 sero
426 353 692 425 ingemuit
731 353 963 406 stabulis
1003 353 1148 406 exire
1188 351 1444 423 paternis,
1756 366 1841 407 710

223 426 420 481 Acrius
458 427 563 481 hoc
600 427 801 480 Italum
840 428 1010 496 pubes
1050 426 1280 480 incurrit
1319 428 1372 478 et
1409 429 1589 496 urget:

148 501 227 555 Ut
263 505 494 571 torrenS,
530 503 593 554 ut
630 504 942 570 tempestaS,
982 503 1044 554 ut
1075 500 1294 554 flamma
1334 499 1542 553 corusci

148 574 429 644 Fulminis,
469 578 529 628 ut
566 575 782 628 Borean
820 578 1017 645 pontus
1057 574 1215 644 fugit,
1253 575 1314 626 ut
1353 591 1486 627 caua
1526 576 1747 626 currunt

149 648 372 718 Nubila,
411 667 535 702 cum
573 649 772 719 pelago
813 649 1023 702 caelum
1062 646 1378 732 permiscuit
1416 642 1614 700 Eurus.

149 722 414 777 Procerae
454 723 688 792 stabant,
729 720 1007 776 Celtarum
1047 721 1221 792 signa,
1261 721 1525 786 cohorteS,
1758 734 1842 775 715

150 796 336 850 Prima
377 796 542 866 acies3
586 797 688 849 hos
727 795 966 866 impulsu
1007 813 1282 865 cuneoque
1321 795 1488 847 feroci

150 869 327 923 Laxat
364 870 448 923 uis
490 870 689 938 subita3
731 874 786 922 et
824 869 996 923 fessos
1038 887 1217 923 errore
1256 868 1470 921 uiarum

151 943 268 998 Nec
308 944 414 997 soli
452 943 640 997 faciles
680 943 937 1013 longique
976 943 1180 997 laboris
1222 942 1446 995 anhelos

150 1017 368 1071 Auertit
406 1018 618 1086 patrius
658 1017 809 1087 genti
849 1034 1033 1086 pauor.
1098 1016 1294 1069 addere
1334 1019 1491 1084 tergo

151 1090 356 1145 Hastas
397 1091 671 1144 Ausonius
710 1091 927 1160 teloque
967 1090 1170 1143 instare
1211 1089 1427 1158 sequaci
1758 1102 1842 1143 720

153 1164 270 1219 Nec
309 1165 510 1218 donare
547 1164 752 1235 fugam.
813 1164 958 1218 cadit
995 1182 1103 1217 uno
1143 1164 1366 1217 uulnere
1405 1162 1676 1233 Thyrmis,

152 1237 280 1292 Non
319 1257 427 1292 uno
466 1237 791 1308 Rhodanus3
829 1238 1285 1309 profligatumque
1326 1236 1529 1306 sagitta

151 1311 366 1366 Lancea
412 1313 666 1366 deturbat
702 1311 978 1365 Morinum
1025 1315 1080 1364 et
1125 1311 1236 1364 iam
1283 1310 1498 1379 iamque
1546 1310 1840 1364 cadentem.

156 1386 409 1440 Cedentis
449 1389 622 1455 urget,
661 1389 805 1438 totas
845 1385 1080 1455 largitus
1119 1385 1376 1452 habenas,

155 1459 342 1512 Liuius
384 1478 507 1512 acer
545 1477 682 1528 equo
723 1463 777 1512 et
814 1459 1010 1511 turmis
1051 1458 1376 1512 abeuntibus
1415 1456 1584 1509 infert
1757 1469 1841 1510 725

159 1533 530 1607 Cornipedem.
589 1539 717 1585 tunc
758 1532 936 1586 auersi
973 1531 1250 1603 turgentia
1289 1530 1432 1584 colla

159 1606 355 1660 Disicit
394 1624 519 1658 ense
559 1604 764 1660 Mosae.
824 1607 1093 1675 percussit
1131 1604 1366 1675 pondere
1406 1607 1609 1656 terram

160 1679 296 1734 Cum
338 1680 498 1750 galea
538 1698 601 1732 ex
641 1680 754 1733 alto
794 1680 1010 1764 lapsum
1050 1683 1226 1749 caput,
1267 1682 1323 1732 at
1360 1677 1682 1731 residentem

160 1754 434 1807 Turbatus
473 1753 659 1822 rapuit
699 1753 915 1823 sonipes
954 1754 1010 1806 in
1048 1753 1259 1823 proelia
1297 1756 1565 1805 truncum.

156 1827 262 1881 Hic
287 1825 509 1880 Cato—
530 1845 657 1880 nam
681 1827 857 1881 medio
881 1827 1129 1881 uibrarat
1154 1829 1209 1880 et
1231 1827 1348 1896 ipse
1372 1826 1610 1878 tumultu
1633 1844 1721 1878 —:
1759 1839 1843 1879 730

158 1899 260 1970 ³81,
297 1900 537 1970 primas,'
576 1901 768 1970 inquit,
808 1900 981 1955 ‘bello
1023 1919 1145 1955 cum
1186 1900 1465 1953 amisimus
1505 1898 1688 1968 Alpes,

153 1973 260 2027 Hic
306 1974 491 2027 iuueni
547 1975 829 2043 oppositus
885 1974 1051 2044 Tyrio
1098 1974 1262 2043 foret,
1313 1973 1403 2026 hei
1449 1972 1581 2025 mihi
1638 1975 1842 2041 quanta

158 2047 407 2101 Cessauit
445 2047 603 2101 Latio
645 2048 849 2116 dextra,
889 2051 943 2100 et
981 2051 1114 2117 quot
1153 2049 1341 2100 funera
1379 2046 1576 2099 Poenis

156 2120 447 2174 Donarunt
484 2121 642 2191 praui
681 2121 940 2191 suffragia
979 2121 1162 2174 tristia
1201 2118 1426 2190 campil'

229 2194 449 2263 Iamque
487 2194 822 2247 inclinabant
860 2193 1018 2263 acies,
1057 2194 1368 2262 cunctisque
1408 2210 1663 2261 pauorem
1754 2206 1837 2246 735

161 2266 439 2320 Gallorum
480 2268 729 2320 induerat
768 2285 954 2336 pauor,
993 2271 1061 2319 et⁴
1086 2266 1332 2319 Fortuna
1371 2266 1561 2318 ruebat

279 2414 364 2455 710
397 2409 521 2453 exire
547 2413 573 2451 8
619 2409 766 2454 exisse
797 2411 937 2469 uulyo
971 2436 1023 2443 —
1057 2409 1263 2467 parentis
1295 2414 1355 2452 oh
1476 2413 1560 2453 713
1594 2408 1781 2453 boream
1806 2416 1840 2453 F

158 2494 214 2502 -—
246 2467 388 2513 borea
418 2469 591 2524 pontus
622 2469 738 2512 furit
768 2469 993 2514 Heinsius
1063 2475 1146 2514 717
1179 2469 1251 2513 uis
1284 2468 1442 2512 subita
1472 2472 1533 2510 Ch
1611 2472 1695 2512 718
1728 2469 1839 2514 solis

158 2527 380 2582 Lefebure
413 2552 467 2559 —-
499 2525 566 2570 Ac
598 2526 718 2570 solui
748 2527 908 2571 faciles
939 2527 1236 2584 Dausqueius
1371 2532 1455 2570 721
1488 2525 1704 2581 Thyrmis
1737 2532 1839 2572 Chr

160 2585 356 2642 thyruns
387 2589 419 2627 L
466 2584 616 2628 thirus
649 2589 720 2628 0V
765 2584 912 2630 Tutus
945 2586 1168 2631 Gellarius
1291 2590 1373 2630 722
1412 2586 1588 2641 sagitta
1618 2585 1841 2641 Lefebure

160 2644 360 2700 sagittae
393 2648 419 2686 Β
466 2644 869 2700 proclinatumque
904 2645 1079 2702 sagitta
1111 2645 1337 2689 Schrader
1463 2647 1547 2688 726
1579 2645 1836 2704 turgentia]

156 2701 386 2760 fugientia
416 2702 640 2747 Heinsius
773 2708 856 2747 727
889 2702 1059 2748 Disicit
1088 2717 1176 2749 scr
1209 2717 1310 2747 cum
1341 2703 1536 2748 Heinsio
1583 2702 1780 2748 Destitit
1813 2710 1839 2747 s

158 2719 342 2817 Degripit
373 2761 594 2814 Lefebure
640 2760 813 2816 Diripit
844 2761 1045 2818 Ruperti
1083 2761 1290 2806 Demetit
1327 2762 1467 2806 Blass
1505 2762 1585 2817 (cf.
1609 2763 1701 2808 IV.
1727 2768 1837 2818 213,

168 2821 218 2865 V.
245 2822 363 2875 286)
444 2823 529 2864 728
562 2821 612 2863 at
642 2824 778 2862 chLF
817 2833 872 2865 ac
905 2825 974 2863 ov
1051 2825 1137 2864 730
1168 2819 1378 2865 uibrarat
1402 2825 1428 2862 8
1459 2819 1677 2866 uibrabat
1699 2824 1839 2880 uulyo

160 2883 259 2924 732.
310 2883 394 2924 733
447 2878 588 2923 uerba
641 2877 720 2922 hei
759 2904 814 2910 —-—
857 2878 1021 2923 dextra
1083 2881 1246 2925 desunt
1298 2881 1350 2924 in
1397 2883 1468 2922 ΟΥ
1525 2879 1598 2935 (T.
1633 2895 1683 2936 p.
1724 2885 1840 2936 240)

159 2942 243 2982 735
276 2937 523 2993 cuneisque
555 2937 778 2982 Heinsius
