1988 3190
582 125 946 172 PUNICORUM
975 126 1157 171 LIBER
1186 126 1310 173 XIII.
1717 127 1789 182 57

99 262 374 317 Fortunae
415 263 520 317 sibi
561 281 823 334 quemque
864 262 1070 333 ducem,
1109 263 1220 315 ruit
1258 263 1458 332 impete
1500 265 1656 317 uasto

99 337 188 391 Ad
226 341 443 406 portam
481 354 816 408 magnaeque
858 340 1015 406 optat
1053 337 1368 390 discrimina
1406 337 1600 390 famae.
1707 351 1792 391 190

179 410 312 465 Tres
358 412 597 465 claustra
644 429 919 481 aequaeuo
969 411 1259 464 seruabant
1306 429 1530 480 corpore
1578 412 1794 489 fratres²

102 485 235 549 Quis
275 485 485 539 delecta
525 504 714 539 manus
754 486 967 539 centeni
1007 486 1199 554 cuique
1238 486 1487 538 ferebant

100 559 376 613 Excubias
414 578 629 629 unaque
668 561 846 613 locum
887 559 1122 612 statione
1162 560 1435 614 tenebant.

101 631 301 687 Forma
338 652 402 686 ex
439 633 525 686 his
565 633 837 703 Numitor,
878 652 1037 686 cursu
1076 634 1369 703 plantaque
1409 633 1618 687 uolucri

100 706 424 761 Praestabat
461 707 717 777 Laurens,
756 708 1126 761 membrorum
1164 709 1308 761 mole
1349 707 1650 761 Taburnus,
1711 720 1792 761 195

102 781 209 835 Sed
246 799 358 834 non
395 800 506 834 una
543 781 676 834 uiris
716 782 850 835 tela:
913 782 1003 834 hic
1042 782 1311 834 mirabilis
1351 800 1495 851 31011,

103 854 206 908 1110
243 855 461 908 hastam
501 860 722 924 quatere
762 874 824 909 ac
863 855 1161 908 medicatae
1201 856 1438 924 cuspidis
1475 855 1590 908 ictu

102 929 321 982 Proelia
359 929 542 982 moliri
581 932 636 982 et
671 929 815 982 nudo
855 948 965 983 non
1006 929 1220 982 credere
1259 929 1421 997 ferm,

105 1003 320 1056 Tertius
362 1003 590 1072 aptabat
626 1003 861 1056 flammis
902 1022 964 1056 ac
1004 1004 1263 1072 sulphure
1303 1004 1506 1056 taedas,

105 1077 295 1140 Qualis
334 1075 647 1130 Atlantiaco
687 1080 1021 1130 memoratur
1060 1077 1220 1130 litore
1260 1077 1533 1146 quondam
1708 1091 1793 1131 200

103 1151 413 1204 Monstrum
447 1149 723 1220 Geryones
764 1152 1001 1204 immane
1040 1152 1358 1221 tricorporis
1398 1152 1528 1221 irae,

105 1224 206 1278 Cui
245 1228 356 1278 tres
395 1224 452 1277 in
488 1242 673 1295 pugna
713 1225 933 1278 dextrae
972 1225 1124 1277 uaria
1164 1243 1316 1278 arma
1356 1225 1630 1295 gerebant.

104 1296 229 1352 Una
268 1299 424 1368 ignes
465 1317 673 1368 sanOS‚
713 1302 799 1352 ast
839 1300 1011 1352 altera
1048 1318 1189 1369 pone
1230 1300 1459 1369 sagittas

106 1372 406 1442 Fundebat,
443 1372 680 1426 ualidam
720 1373 1013 1442 torquebat
1051 1373 1214 1426 tertia
1252 1392 1491 1443 cornum,

101 1445 285 1516 Atque
323 1464 431 1500 uno
472 1447 685 1499 diuersa
723 1447 891 1500 dabat
929 1447 1036 1499 tria
1074 1448 1303 1500 uulnera
1340 1447 1477 1499 nisu,
1706 1459 1793 1501 205

106 1520 224 1573 Hos
263 1520 359 1573 ubi
396 1538 509 1573 non
548 1520 734 1590 aequis
774 1521 1048 1573 uariantes
1089 1521 1295 1604 proelia
1342 1521 1528 1573 consul

111 1593 411 1663 Conspexit
449 1593 574 1646 telis
617 1596 670 1646 et
709 1597 902 1664 portae
940 1594 1132 1647 limina
1170 1595 1371 1648 circum

109 1666 362 1738 Stragem
401 1686 464 1721 ac
502 1668 749 1752 perfusos
791 1669 1117 1721 subeuntum
1159 1668 1422 1739 sanguine
1461 1667 1652 1737 postiS‚

109 1740 360 1796 Concitat
390 1734 651 1795 intortam
690 1741 907 1795 furiatis
946 1741 1156 1795 uiribus
1197 1742 1423 1796 hastam.

105 1815 303 1869 Letum
342 1815 501 1869 triste
539 1815 721 1868 ferens
762 1835 921 1869 auras
963 1819 1109 1869 secat
1146 1815 1290 1869 Itala
1327 1820 1487 1869 taxus
1708 1828 1794 1869 210

106 1889 195 1959 Et,
236 1907 342 1959 qua
379 1889 626 1958 nudarat,
666 1890 792 1942 dum
830 1889 1009 1942 fundit
1047 1890 1253 1959 spicula
1292 1891 1360 1943 ab
1402 1891 1529 1958 alto,

107 1962 311 2016 Arcum
350 1964 696 2033 protenden8‚
735 1963 990 2016 Numitor
1028 1964 1189 2032 IatuS‚
1229 1964 1326 2016 ilia
1366 1964 1585 2016 transit.

109 2037 199 2105 At,
236 2055 348 2090 non
386 2037 647 2106 obsaepto
688 2040 972 2090 contentus
1012 2037 1197 2090 limine
1237 2037 1470 2090 Martem

110 2110 392 2180 Exercere‚
430 2111 566 2163 leuis
598 2111 760 2179 bello,
799 2112 892 2164 sed
929 2111 1179 2164 turbidus
1221 2111 1352 2179 ausi,

109 2183 325 2237 Uirrius
364 2185 582 2237 incauto
621 2184 835 2237 feruore
874 2188 1126 2254 eruperat
1166 2202 1350 2237 amens
1709 2196 1796 2236 215

113 2257 342 2311 Reclusa
380 2258 437 2310 in
476 2276 727 2326 campum
765 2261 925 2326 porta
956 2258 1317 2326 miseramque
1356 2257 1530 2311 furori

233 2462 316 2503 189
348 2458 580 2502 Fortunae
614 2459 807 2503 Marsus
855 2458 1109 2503 Fortunam
1142 2463 1191 2512 S,
1233 2460 1356 2503 unde
1395 2459 1589 2513 fortasse
1632 2459 1800 2503 Facto-

110 2531 215 2561 rum
245 2517 532 2562 scribendum
561 2518 640 2571 (cf.
664 2516 770 2562 Liv.
799 2518 969 2561 XXII.
996 2520 1038 2561 5.
1065 2521 1094 2562 7
1118 2518 1209 2561 sibi
1238 2518 1424 2573 quisque
1455 2518 1553 2561 dux
1585 2518 1799 2562 adhorta-

110 2580 269 2634 torque
313 2575 466 2629 faetus
513 2576 575 2619 ad
620 2589 712 2619 rem
761 2577 1024 2633 yerendam)
1071 2575 1337 2619 Fortuitum
1390 2575 1465 2619 uel
1511 2589 1650 2632 super
1695 2589 1798 2621 esse

111 2635 369 2679 Fortunam
393 2633 544 2678 Barth
576 2647 816 2689 superasse
848 2633 1102 2677 Fortunam
1126 2633 1272 2678 Bothe
1358 2638 1441 2677 190
1475 2634 1629 2692 optat]
1663 2637 1801 2691 parat

111 2693 336 2738 Heinsius
518 2695 603 2735 194
651 2691 856 2736 uolucris
905 2696 966 2735 eh
1154 2697 1238 2736 195
1285 2692 1528 2736 Taburnus
1574 2693 1800 2738 Heinsius

110 2751 337 2797 laburnus
369 2755 396 2793 S
503 2754 586 2794 199
619 2751 835 2795 armabat
864 2751 1111 2796 Burmann
1216 2754 1302 2793 202
1335 2765 1542 2807 pugnam
1572 2751 1800 2796 Heinsius

110 2823 296 2867 pugnas
328 2809 553 2864 Lefebure
586 2810 664 2865 (cf.
696 2809 807 2853 VII.
834 2812 914 2865 67)
1096 2813 1183 2854 208
1223 2822 1277 2853 ae
1318 2814 1376 2852 ed
1408 2810 1485 2866 (T.
1514 2825 1561 2867 p.
1586 2815 1701 2866 215)
1731 2816 1799 2853 m?

118 2870 168 2914 et
198 2872 268 2912 ov
413 2872 512 2913 213.
541 2872 628 2911 214
661 2867 875 2924 obsaepti
908 2893 960 2901 —
994 2869 1220 2912 Exercere
1250 2870 1386 2912 tenus
1418 2869 1533 2913 ualli
1563 2871 1637 2915 uel
1667 2869 1800 2914 breui

116 2927 246 2973 uallo
276 2929 351 2973 uel
379 2926 476 2972 leui
505 2926 630 2972 bello
663 2927 889 2972 Heinsius
1008 2931 1093 2970 215
1125 2929 1307 2971 intento
1339 2931 1370 2970 0
