1988 3190
623 107 986 156 PUNICORUM
1014 108 1198 154 LIBER
1226 109 1347 157 XVI.
1725 109 1831 163 137

727 336 892 396 SILI
945 335 1261 396 ITALICI

485 474 543 542 P
595 475 666 543 U
707 474 790 575 *N
843 474 882 542 1
945 473 999 543 c
1057 475 1116 544 o
1172 475 1235 543 R
1290 475 1361 541 U
1415 474 1491 541 M

616 625 797 671 LIBER
828 626 1056 671 SEXTUS
1089 625 1370 672 DECIMUS.

143 776 363 831 Bruttia
402 780 734 830 maerentem
774 794 930 830 casus
970 776 1286 846 patriaeque
1326 795 1557 846 suosque

143 851 509 904 Hannibalem
550 852 757 921 accepit
793 850 975 904 tellus,
1036 850 1126 903 hic
1166 867 1367 921 aggere
1409 854 1629 920 saeptus

143 925 209 978 In
246 929 460 994 tempus
501 926 681 994 posita
721 924 789 978 ad
825 924 1198 977 renouandum
1239 924 1385 977 bella
1424 926 1719 995 coquebat:

144 997 379 1053 Abditus
419 1003 481 1052 ut
521 999 677 1067 silua,
717 997 948 1051 stabulis
989 1015 1111 1050 cum
1151 998 1316 1051 cessit
1355 998 1637 1068 ademptiS‚

145 1072 368 1126 Amisso
407 1076 595 1126 taurus
635 1089 803 1142 regno
845 1072 1026 1142 gregis
1068 1071 1190 1125 auia
1229 1071 1412 1125 clauso
1806 1088 1832 1127 5

144 1145 373 1200 Molitur
413 1147 557 1200 saltu
596 1145 892 1200 certamina
930 1147 1147 1214 iamque
1185 1144 1352 1199 feroci

142 1215 359 1290 Mugitu
398 1239 622 1274 nemora
661 1222 898 1272 exterret
936 1237 1137 1288 perque
1179 1219 1347 1272 ardua
1387 1238 1546 1273 cursu

147 1294 291 1347 Saxa
329 1295 465 1364 ruit3
505 1293 702 1347 sternit
742 1294 907 1346 siluas
949 1311 1213 1362 rupesque
1253 1294 1472 1346 lacessit

145 1367 294 1421 Irato
333 1368 555 1421 rabidus
595 1385 784 1435 cornu3
824 1367 1011 1419 tremit
1051 1366 1227 1420 omnis
1269 1367 1336 1419 ab
1378 1368 1490 1421 alto

145 1441 506 1511 Prospectans
547 1441 768 1510 scopulo
808 1445 995 1507 pastor
1033 1458 1175 1493 noua
1213 1440 1361 1493 bella
1399 1444 1697 1510 parantem.
1778 1456 1834 1496 10

151 1514 256 1568 Sed
295 1515 470 1585 uigor,
506 1515 776 1567 hausurus
815 1513 1049 1581 Latium,
1089 1515 1134 1566 si
1174 1518 1351 1566 cetera
1387 1513 1554 1567 Marti

154 1589 478 1642 Adiumenta
516 1588 711 1654 forent,
749 1605 919 1656 praua
959 1587 1294 1640 obtrectante
1335 1606 1554 1642 suorum

147 1662 374 1730 Inuidia,
413 1680 668 1715 reuocare
709 1661 917 1714 animos
959 1679 1020 1714 ac
1060 1665 1204 1714 stare
1243 1664 1443 1732 negata

149 1735 461 1806 Cogebatur
501 1754 601 1805 ope
642 1738 695 1787 et
735 1734 884 1788 senio
924 1737 1229 1803 torpescere
1268 1753 1463 1788 rerum.

148 1809 316 1862 Parta
354 1813 539 1862 tamen
575 1808 806 1863 formido
846 1827 1010 1861 manu
1052 1813 1104 1861 et
1141 1811 1228 1862 tot
1267 1809 1519 1862 caedibus
1561 1809 1690 1863 olim
1778 1824 1832 1863 15

150 1882 440 1945 Quaesitus
479 1887 656 1935 terror
694 1884 843 1935 uelut
880 1881 1194 1936 inuiolabile
1233 1882 1358 1935 telis

151 1955 454 2010 Seruabant
494 1974 812 2026 sacrumque
853 1960 1035 2025 caput3
1073 1974 1277 2025 proque
1319 1956 1567 2010 omnibus
1608 1959 1772 2011 armis

147 2029 224 2083 Et
263 2034 563 2083 castrorum
604 2029 797 2099 opibus
839 2029 1144 2098 dextrisque
1183 2030 1491 2083 recentibus
1530 2050 1697 2083 unum

147 2103 472 2156 Hannibalis
514 2107 598 2156 sat
634 2121 835 2156 nomen
874 2110 1006 2156 erat.
1065 2106 1151 2156 tot
1191 2103 1411 2157 dissona
1449 2104 1637 2174 lingua

149 2178 405 2246 Agmina,
442 2177 727 2229 barbarico
767 2179 852 2229 tot
892 2175 1255 2228 discordantia
1292 2178 1403 2229 ritu
1777 2192 1832 2232 20

151 2249 329 2303 Corda
367 2251 545 2302 uirum
583 2267 828 2302 mansere
870 2249 1055 2319 gradu,
1094 2250 1359 2319 rebusque
1397 2250 1597 2303 retusis

151 2322 314 2375 Fidas
356 2323 595 2376 ductoris
633 2323 813 2375 tenuit
853 2323 1156 2375 reuerentia
1194 2327 1416 2375 mentes,

226 2394 341 2449 Nec
379 2413 507 2448 uero
546 2394 789 2448 Ausonia
826 2398 1042 2447 tantum
1083 2413 1138 2448 se
1179 2396 1355 2448 laetus
1396 2397 1595 2465 agebat

150 2467 478 2521 Dardanidis
516 2468 760 2537 Mauors3
798 2468 907 2520 iam
946 2474 1093 2521 terra
1133 2468 1273 2521 cedit
1312 2468 1517 2522 Hibera

274 2616 297 2655 1
331 2610 515 2656 Bruttia
538 2616 575 2654 V
606 2611 799 2656 Bructia
821 2616 889 2654 LE·
921 2611 1119 2656 Bruccia
1143 2617 1173 2655 0
1267 2617 1294 2655 4
1326 2612 1468 2657 cessit
1493 2618 1562 2657 ov
1594 2618 1743 2658 cesset
1765 2620 1832 2657 Lr

152 2676 178 2716 9
210 2670 397 2715 rabidus
424 2675 558 2714 chLF
589 2671 783 2727 rapidus
809 2674 879 2713 ΟΥ
1019 2677 1068 2714 11
1104 2670 1333 2715 hausurus
1360 2676 1501 2714 011οἾ
1534 2686 1727 2718 ausurus
1750 2679 1832 2727 ΒΕ,

150 2731 226 2775 sed
256 2731 309 2774 in
338 2734 371 2772 L
417 2730 448 2773 h
479 2744 534 2774 m.
560 2734 585 2773 1
611 2743 841 2786 suprascr.
971 2734 1024 2773 13
1058 2742 1111 2772 ac
1143 2734 1266 2774 stare
1298 2730 1543 2776 Liuineius
1575 2736 1615 2776 et
1650 2732 1834 2778 Gronov

149 2789 333 2846 agitare
381 2792 407 2830 8
455 2813 510 2821 -
556 2787 740 2832 Inuidia
792 2787 1003 2832 reuocari
1059 2791 1138 2843 (se.
1185 2790 1368 2845 coepitJ:
1425 2790 1604 2835 animos
1650 2790 1833 2848 agitare

150 2848 325 2905 negata
356 2846 403 2892 C.
437 2861 477 2892 o.
511 2846 709 2903 Ruperti
789 2850 842 2889 15
874 2847 987 2890 olim
1020 2847 1139 2891 deest
1161 2848 1214 2891 in
1238 2852 1268 2890 0
1344 2852 1398 2892 19
1430 2849 1602 2906 linguis
1634 2849 1835 2907 Ruperti

150 2910 206 2950 21
239 2904 430 2951 retrusis
464 2908 534 2948 ov
