1988 3190
174 90 278 144 128
852 90 964 136 SILI
994 89 1213 136 ITALICI

163 225 332 281 Illum
372 230 575 298 augent
615 245 803 281 cursus
845 226 1024 280 annisi
1063 245 1294 296 aequare
1335 227 1605 296 sequendo
1775 241 1862 283 575

165 302 343 372 Atque
382 301 641 354 indefessi
679 305 1002 371 noctemque
1041 301 1288 371 diemque
1325 300 1590 355 feruntur.

239 375 317 429 At
356 375 547 445 Roma,
588 375 802 429 aduersi
841 378 1053 428 tantum
1094 375 1239 428 mala
1277 375 1507 446 gliscere
1546 375 1679 429 belli

166 449 472 520 AccipienS‚
510 449 783 518 trepidare
824 453 971 502 metu
1010 449 1347 519 nimiumque
1385 448 1657 504 Neronem

170 522 488 593 Sperauisse
528 524 697 593 queri,
736 526 898 593 atque
938 542 1044 577 uno
1086 523 1193 577 sibi
1229 523 1453 576 uulnere
1491 542 1652 593 posse

163 597 384 651 Auferri
422 601 720 651 restantem
762 598 1016 651 animam.
1077 616 1187 651 non
1227 616 1380 650 arma
1410 615 1508 652 nec
1541 616 1733 652 aurum
1772 613 1858 653 580

165 670 283 725 Nec
321 672 519 741 pubem
558 690 673 741 nec,
713 690 873 742 quem
911 671 1120 739 fundat,
1159 689 1439 740 superesse
1479 689 1738 727 cruorem.

169 744 387 800 Scilicet
426 746 823 799 Hasdrubalem
862 746 1099 816 inuadat,
1139 746 1232 815 qui
1271 746 1338 799 ad
1376 746 1583 815 proelia
1623 747 1726 800 soli

164 819 467 873 Hannibali
507 821 641 874 satis
683 838 802 874 esse
832 820 1058 889 nequit?
1113 820 1222 873 iam
1261 838 1462 890 rursus⁷
1500 820 1596 874 ubi
1634 838 1785 874 arma

165 894 447 948 Auertisse
488 913 585 948 suo
627 894 878 965 cognorit
917 895 1073 948 deuia
1111 894 1279 965 uallo,

162 967 472 1022 Haesurum
511 969 687 1039 portis
727 969 991 1038 Poenum3
1030 968 1257 1038 uenisse,
1298 968 1529 1037 superbo
1771 981 1859 1023 585

171 1042 278 1105 Qui
317 1043 476 1095 fratri
516 1046 703 1112 certet,
743 1043 830 1096 cui
868 1042 1107 1095 maxima
1146 1043 1321 1112 gloria
1360 1042 1516 1095 cedat

163 1115 333 1170 Urbis
374 1117 607 1169 deletae:
646 1116 832 1169 fremit
870 1134 1056 1169 amens
1097 1116 1256 1169 corde
1296 1116 1395 1168 sub
1434 1115 1545 1169 imo

164 1189 311 1243 Ordo
350 1194 569 1261 patrum
610 1209 673 1244 ac
711 1207 911 1261 magno
951 1189 1160 1243 interea
1198 1190 1494 1243 meditatur
1534 1207 1716 1243 amore

96 1285 98 1287 ’
165 1263 430 1318 Seruandi
469 1264 692 1334 decoris,
733 1281 969 1334 quonam
1010 1282 1067 1317 se
1106 1264 1211 1316 fine
1252 1263 1486 1317 minanti

167 1337 405 1392 Seruitio
446 1339 646 1408 eripiat
686 1338 945 1409 diuosque
986 1338 1184 1392 euadat
1221 1338 1448 1408 iniquos.
1670 1389 1672 1391 ,
1771 1353 1856 1392 590

167 1413 284 1466 Hos
323 1414 468 1466 inter
507 1412 741 1482 gemitus
783 1413 1015 1466 obscuro
1054 1411 1231 1465 noctis
1272 1429 1473 1481 opacae

163 1485 413 1541 Succedit
452 1487 649 1541 castris
688 1485 855 1556 Nero,
895 1505 1031 1557 quae
1072 1485 1362 1540 coniuncta
1398 1485 1568 1538 feroci

163 1560 353 1615 Liuius
393 1560 730 1614 Hasdrubali
768 1562 916 1614 uallo
958 1560 1179 1614 custode
1217 1560 1456 1613 tenebat.

161 1634 406 1707 Belliger
444 1636 490 1689 is
531 1635 803 1706 quondam
843 1636 1116 1705 scitusque
1158 1633 1447 1688 accendere
1485 1630 1723 1686 Martem

163 1708 448 1763 Floruerat
487 1710 663 1778 primo
705 1710 884 1762 clarus
923 1711 1199 1778 pugnator
1235 1708 1294 1760 in
1335 1726 1485 1761 aeuo,
1768 1719 1854 1760 595

163 1782 293 1836 Mox
333 1784 474 1836 falso
514 1784 696 1836 laesus
736 1801 847 1836 non
886 1784 1043 1852 aequi
1083 1782 1307 1835 crimine
1346 1781 1515 1850 uulgi,

165 1856 399 1911 Secretis
438 1857 579 1910 ruris
618 1857 805 1910 tristes
846 1855 1205 1909 absconderat
1245 1873 1433 1908 annos,

162 1928 282 2000 Sed,
320 1934 612 2001 postquam
653 1930 875 2001 grauior
915 1931 1083 1983 moles
1123 1932 1405 1998 terrorque
1443 1926 1647 1997 periclo

162 2004 429 2058 Poscebat
464 2006 721 2074 propiore
760 2004 962 2073 uirum,
1002 2005 1287 2056 reuocatus
1327 2002 1394 2055 ad
1435 2020 1588 2054 arma

161 2078 268 2132 Tot
308 2079 477 2132 caesis
517 2079 756 2145 ducibUS,
795 2079 1005 2147 patriae
1046 2078 1344 2130 donauerat
1380 2075 1535 2128 iram.
1769 2087 1856 2128 600

238 2152 314 2205 At
351 2171 463 2206 non
501 2152 902 2206 Hasdrubalem
941 2151 1159 2204 fraudes
1199 2151 1407 2203 latuere
1445 2150 1721 2202 recentum

162 2226 470 2294 Armorum,
510 2245 836 2296 quamquam
876 2226 1115 2278 tenebris
1155 2223 1280 2278 Nox
1319 2226 1533 2276 texerat
1572 2225 1737 2276 astus·

283 2378 369 2417 575
389 2374 581 2431 augent]
600 2372 768 2416 ardent
781 2372 855 2417 uel
879 2372 1050 2427 urgent
1066 2370 1293 2415 Heinsius
1353 2373 1439 2414 577
1458 2370 1613 2425 Atque
1633 2373 1660 2411 S
1677 2393 1734 2400 —
1752 2369 1854 2421 tan-

162 2433 264 2475 tum
290 2432 415 2476 mala
430 2436 467 2474 V
499 2434 684 2476 tantum
710 2434 758 2476 et
780 2430 907 2475 mala
922 2434 1038 2485 LEO,
1062 2431 1184 2474 unde
1209 2431 1394 2474 tantum
1412 2442 1470 2473 en
1486 2427 1613 2471 mala
1631 2426 1855 2481 Lefebure

162 2495 248 2535 579
270 2490 530 2548 Spirauisse
547 2491 774 2535 Heinsius
836 2494 919 2534 581
941 2502 998 2533 ne
1017 2487 1436 2545 quemS—fundat
1450 2492 1476 2530 S
1500 2486 1701 2530 fundant
1715 2486 1856 2544 uulyo

162 2554 248 2594 582
287 2549 484 2594 inuadat
523 2556 596 2592 cm
636 2550 727 2607 Ep.
760 2554 789 2593 4
828 2574 884 2581 —
925 2547 1006 2604 qui
1044 2549 1163 2593 deest
1201 2549 1254 2592 in
1294 2552 1319 2589 S
1356 2572 1405 2578 —-
1439 2544 1622 2602 proelia
1659 2549 1733 2588 cm
1763 2545 1794 2592 l.
1825 2546 1854 2590 I.

166 2613 251 2652 585
284 2622 486 2665 poenum
514 2614 583 2652 ΟΥ
614 2622 785 2665 penum
809 2613 841 2650 L
873 2608 1065 2664 plenum
1087 2612 1121 2650 F
1192 2611 1278 2651 586
1311 2605 1447 2650 cedet
1478 2610 1504 2647 S
1576 2609 1661 2649 587
1694 2603 1856 2648 tremit

163 2669 237 2711 uel
267 2668 442 2723 premit
467 2667 694 2713 Schrader
710 2667 877 2711 -imo
904 2672 977 2709 cm
1001 2666 1093 2722 Ep.
1118 2671 1146 2710 4
1170 2670 1237 2708 ΒΕ
1269 2679 1361 2709 uno
1387 2668 1458 2707 ΟΥ
1541 2666 1627 2708 589
1652 2675 1855 2718 quonam

167 2730 239 2767 em
263 2728 290 2770 l.
317 2727 345 2771 l.
469 2731 554 2770 592
589 2741 700 2771 nero
730 2731 801 2769 LV
847 2738 959 2770 uero
990 2730 1059 2767 FO
1181 2729 1267 2768 594
1298 2722 1546 2780 Belligeris
1578 2727 1650 2764 cm
1674 2722 1704 2766 l.
1729 2722 1758 2765 l.
1782 2724 1854 2763 Lv

163 2783 214 2829 B.
247 2784 319 2828 his
350 2789 417 2826 FO
555 2789 640 2829 596
673 2785 812 2841 aequi
843 2786 966 2828 cml.
993 2785 1020 2828 Z.
1168 2787 1253 2827 597
1287 2781 1489 2826 Secretis
1520 2780 1640 2824 ruris
1673 2780 1797 2823 cml.
1824 2779 1852 2823 l.

163 2847 252 2886 600
286 2843 545 2887 donauerat
569 2850 641 2887 cm
666 2846 693 2888 l.
721 2846 748 2888 Z.
773 2849 841 2886 LF
874 2844 1132 2888 deuouerat
1156 2846 1225 2885 ΟΥ
1251 2842 1327 2897 (T.
1340 2856 1390 2898 p.
1408 2844 1527 2895 224)
1588 2842 1672 2883 601
1699 2838 1761 2882 At
1783 2841 1853 2880 ΟΥ

163 2901 231 2946 Ac
263 2907 331 2944 LF
366 2927 421 2934 —
453 2905 699 2958 repentum
732 2903 955 2947 Heinsius
1000 2901 1232 2945 nitentum
1266 2900 1492 2945 Schrader
