1988 3190
203 115 278 170 34
880 116 990 162 SlLI
1021 117 1246 164 ITALICI

218 252 451 307 Punitur
489 252 723 322 patriam
763 252 1010 306 meditati
1047 253 1289 323 linquere
1328 256 1531 306 terram

221 326 524 381 Consilium
562 326 752 380 infelix
792 327 1159 397 scelerataque
1198 328 1357 396 culpa
1393 326 1614 382 Metelli.
1818 341 1906 383 305

214 401 373 455 Talia
413 400 578 454 corda
616 401 810 454 uirum.
873 401 966 454 sed
1006 402 1150 454 enim
1189 420 1287 454 nec
1325 400 1528 454 femina
1566 405 1744 456 cessat

213 475 458 528 Mentem
499 493 732 544 aequare
771 474 920 529 uiros
961 478 1016 528 et
1054 476 1227 529 laudis
1267 493 1490 545 poscere
1528 478 1754 544 partem.

213 549 418 619 Omnis,
456 567 586 618 prae
626 567 743 602 sese
781 552 1008 618 portans
1049 549 1351 619 capitisque
1391 567 1688 620 manusque

213 622 517 693 Antiquum
557 623 717 676 decus
759 641 821 676 ac
853 623 1070 693 derepta
1108 623 1332 677 monilia
1371 623 1527 694 00110,
1981 683 1983 685 ‚

215 697 484 752 Certatim
522 700 777 751 matrona
814 697 925 750 ruit
963 697 1216 767 belloque
1256 697 1587 751 ministrant.
1813 712 1901 752 310

212 772 376 825 Haud
415 774 573 825 tanta
613 772 841 825 cessisse
879 772 1029 825 uiros
1068 772 1125 825 in
1163 775 1409 842 tempore
1450 771 1549 824 tali

212 845 415 900 Laudis
456 848 602 899 sorte
641 846 817 916 piget3
853 845 1105 915 factoque
1144 846 1201 898 in
1241 846 1454 900 saccula
1492 846 1636 899 ituro

215 920 517 974 Laetantur
555 919 814 973 tribuisse
853 920 1047 973 locum.
1109 923 1228 973 tum
1267 921 1410 974 celsa
1449 923 1665 973 senatus

216 993 575 1064 Subsequitur
614 995 789 1047 turba.
850 994 909 1046 in
948 994 1183 1047 medium
1223 993 1518 1047 certamine
1558 1010 1755 1064 magno

212 1068 470 1122 Priuatae
509 1068 853 1121 cumulantur
893 1086 1038 1138 opes,
1098 1067 1302 1121 nudare
1341 1067 1555 1138 penatis
1818 1081 1904 1120 315

214 1141 296 1196 Ac
334 1141 476 1195 nihil
517 1160 741 1195 arcanos
782 1141 927 1195 uitae
968 1142 1211 1195 melioris
1251 1142 1320 1195 ad
1358 1160 1486 1194 usus

213 1215 529 1286 Seposuisse
567 1216 734 1269 iuuat.
797 1215 906 1269 coit
946 1219 1000 1269 et
1041 1216 1156 1269 sine
1195 1216 1413 1269 nomine
1452 1215 1665 1286 uulgus,

215 1290 457 1362 Corpore
499 1290 575 1343 sic
613 1292 731 1343 toto
772 1308 835 1343 ac
872 1290 1131 1343 membris
1170 1289 1346 1343 Roma
1385 1289 1638 1343 omnibus
1678 1307 1791 1359 usa,

212 1364 494 1434 Exanguis
534 1382 719 1417 rursus
758 1364 994 1417 tollebat
1033 1364 1101 1417 ad
1141 1363 1360 1416 aethera
1399 1365 1598 1416 uultus,

289 1438 513 1492 Addunt
553 1457 703 1507 spem
743 1438 956 1491 miseris
998 1438 1206 1491 dulcem
1246 1437 1512 1490 Parnasia
1544 1434 1739 1490 Cirrha
1815 1450 1903 1490 320

215 1511 507 1567 Portantes
547 1530 810 1581 responsa
847 1512 967 1566 uiri.
1027 1530 1155 1565 nam
1196 1512 1341 1565 laeta
1379 1512 1624 1564 ferebant

218 1585 520 1640 Exaudisse
561 1587 755 1656 adytiS,
796 1604 947 1640 sacra
986 1604 1108 1640 cum
1146 1603 1276 1639 uoce
1315 1589 1534 1638 tonaret

222 1662 478 1731 Antrum,
518 1663 572 1713 et
612 1661 850 1730 mugiret
887 1659 1110 1714 Phoebo
1151 1661 1260 1713 iam
1299 1660 1504 1713 intrata
1543 1659 1816 1713 sacerdos:

215 1734 474 1805 ε80101130,
515 1751 647 1804 gens
687 1733 932 1803 Ueneris,
972 1734 1242 1803 grauioris
1284 1734 1440 1788 corde
1480 1733 1727 1803 timores;

221 1808 484 1876 Aduersa,
526 1811 581 1860 et
620 1808 877 1878 quicquid
916 1807 1036 1860 duri
1077 1808 1177 1860 sub
1217 1806 1394 1859 Marte
1433 1807 1705 1876 manebat,
1817 1819 1904 1860 325

217 1882 563 1936 Exhaustum
607 1884 690 1934 est
728 1880 901 1934 uobis,
963 1884 1175 1934 restant
1212 1881 1419 1934 leuiora
1457 1880 1705 1933 laborum

217 1956 293 2010 Et
333 1956 449 2009 sine
487 1955 725 2025 pernicie
765 1958 957 2008 terror.
1020 1955 1102 2008 dis
1141 1957 1271 2008 uota
1308 1972 1600 2024 precesque

216 2029 376 2083 Ferte
417 2029 577 2082 modo
618 2032 673 2082 et
710 2029 922 2098 tepidos
964 2029 1070 2082 aris
1109 2029 1277 2082 libate
1318 2046 1551 2082 cruores.

216 2103 341 2158 Neu
380 2104 504 2157 date
543 2105 699 2173 terga
737 2103 910 2156 malis,
974 2103 1147 2156 aderit
1186 2102 1469 2172 GradiuuS‚
1508 2105 1563 2155 et
1602 2101 1718 2171 ipse

220 2177 413 2231 Delius
454 2180 663 2230 auertet
699 2177 957 2247 propiora
996 2177 1234 2246 pericula
1272 2180 1442 2244 uateS‚
1817 2188 1904 2229 330

212 2250 480 2305 Troianos
521 2254 684 2304 notus
726 2269 935 2320 semper
975 2251 1231 2304 minuisse
1271 2250 1499 2304 labores.

213 2325 318 2379 Sed
356 2343 502 2395 uem,
543 2325 636 2378 sed
677 2324 819 2379 enim
860 2327 987 2378 ante
1028 2325 1202 2378 omnis
1244 2324 1439 2378 altaria
1477 2322 1696 2376 fument

331 2518 419 2559 304
450 2514 670 2559 meditati
700 2520 772 2558 cm
797 2515 824 2560 ῖ.
851 2516 879 2560 l.
905 2519 942 2557 V
972 2514 1202 2559 meditata
1227 2517 1257 2556 0
1290 2511 1510 2557 meditari
1541 2517 1610 2555 LF
1701 2516 1786 2556 306
1819 2524 1904 2556 nec

212 2579 284 2617 cm
309 2574 336 2618 l.
364 2574 392 2618 l.
426 2588 521 2619 non
553 2579 579 2617 S
611 2599 666 2606 —
702 2575 853 2618 cessat
885 2575 1009 2618 cml.
1035 2574 1062 2617 l.
1157 2578 1241 2617 307
1274 2572 1480 2617 Mentem
1507 2576 1533 2615 Β
1565 2570 1733 2616 Mente
1764 2571 1906 2628 uulyo

210 2636 298 2676 309
343 2631 538 2689 derepta
578 2637 719 2676 Ghov
766 2633 956 2678 derecta
987 2637 1054 2675 ΒΕ
1266 2637 1350 2676 311
1395 2632 1557 2676 tantae
1589 2629 1814 2675 Heinsius
1844 2655 1901 2661 —

213 2691 407 2736 cessisse
441 2695 471 2733 0
518 2692 711 2736 sessisse
742 2697 810 2734 LF
854 2690 1053 2736 sensisse
1085 2695 1121 2733 V
1273 2695 1357 2734 312
1393 2689 1565 2733 Laudis
1598 2689 1718 2733 forte
1751 2692 1809 2730 cd
1839 2688 1902 2732 ad

211 2750 308 2795 IV.
342 2752 437 2793 803
479 2750 553 2800 (Τ.
579 2765 630 2807 p.
664 2754 779 2806 215)
961 2755 1047 2795 313
1090 2750 1246 2795 locum
1286 2753 1356 2793 OV
1402 2748 1557 2794 iocum
1594 2752 1626 2790 L
1672 2747 1828 2791 focum
1866 2751 1902 2788 F

219 2813 306 2853 320
337 2807 592 2852 Parnaside
624 2810 936 2854 Heinsius—
971 2808 1124 2854 cirrha
1153 2814 1187 2851 F
1236 2809 1357 2854 circa
1387 2811 1494 2851 LOV
1524 2807 1677 2851 deerat
1706 2805 1903 2851 uocabu-

212 2869 306 2914 lum
337 2868 391 2912 in
424 2865 516 2911 Col.
542 2871 648 2912 teste
680 2869 876 2915 Heinsio
910 2869 983 2926 (T.
1003 2883 1054 2927 p.
1080 2871 1194 2923 246)
1362 2872 1461 2912 331.
1489 2871 1573 2911 332
1606 2864 1791 2910 labores
1824 2862 1903 2908 Sic

212 2941 363 2983 ueros,
397 2925 478 2970 sed
510 2925 635 2970 enim
666 2928 810 2972 Bothe
