1988 3190
663 141 1028 189 PUNICORUM
1058 141 1240 187 LIBER
1270 141 1415 187 XVII.
1777 139 1880 192 181

185 281 473 352 Fulgentis
513 280 715 350 saguli3
756 279 851 333 dat
891 296 1139 349 gressum
1178 278 1503 347 habitusque
1543 276 1733 330 cientis

187 356 404 409 Proelia
443 358 498 408 et
537 354 756 407 audacis
797 352 962 406 adicit
1001 352 1115 405 sine
1156 370 1380 436 corpore
1420 354 1616 405 motuS.

191 430 333 483 Tum
371 448 473 499 par
511 427 719 499 effigies
757 426 968 480 fallacis
1008 426 1246 497 imagine
1286 444 1429 478 uana

189 503 510 572 Cornipedis
549 501 879 555 moderanda
917 500 1024 554 cito
1063 519 1160 569 per
1199 500 1375 553 deuia
1395 518 1562 569 passu
1800 510 1887 551 530

186 577 492 646 Belligerae
534 576 693 629 datur
732 575 801 628 ad
841 574 1074 644 speciem
1113 574 1426 627 certaminis
1466 573 1706 627 umbrae.

191 650 279 705 Sic
315 650 490 704 Poeni
528 650 677 704 ducis
719 652 846 702 ante
887 648 1072 702 oculos
1113 649 1321 701 exultat
1361 651 1416 701 et
1452 648 1600 701 ultro

191 725 372 794 Scipio
412 723 612 777 Iunoni
651 724 937 777 simulatus
977 723 1087 776 tela
1127 725 1393 775 coruscat.

188 798 281 869 At,
321 798 440 851 uiso
480 799 656 851 laetus
697 801 906 850 rectore
946 799 1072 849 ante
1121 815 1216 849 ora
1256 795 1452 849 Latino

190 873 264 926 Et
302 872 523 925 tandem
561 872 782 941 propius
824 888 1047 939 sperans
1086 871 1347 940 ingentia,
1389 869 1606 923 Poenus
1797 879 1882 920 535

192 946 538 1015 Quadrupedi
577 946 717 998 citus
757 944 992 1015 imponit
1029 945 1239 997 uelocia
1277 944 1522 997 membra

189 1020 266 1074 Et
305 1020 434 1073 iacit
473 1020 759 1073 aduersam
797 1018 1074 1087 properati
1112 1018 1350 1070 turbinis
1382 1018 1617 1071 hastam.

190 1094 300 1146 Dat
338 1097 497 1164 terga
535 1097 606 1163 et,
646 1111 835 1162 campo
875 1092 1107 1163 fugienS,
1146 1093 1300 1144 uolat
1339 1091 1451 1145 ales
1491 1092 1674 1160 imago

190 1167 580 1236 Tramittitque
620 1167 777 1220 acies,
840 1169 959 1219 tum
998 1184 1145 1234 uer0‚
1181 1169 1243 1218 ut
1283 1166 1458 1219 uictor
1497 1168 1552 1219 et
1590 1164 1693 1219 alti

190 1241 308 1294 Iam
347 1259 571 1311 compos
611 1241 742 1309 uoti,
778 1240 982 1292 ferrata
1021 1241 1164 1292 calce
1206 1243 1455 1292 cruentat
1795 1249 1883 1290 540

192 1313 551 1383 Cornipedem
600 1318 654 1367 et
699 1315 883 1383 largas
923 1313 1136 1366 Poenus
1189 1313 1369 1382 quatit
1418 1332 1576 1383 asper
1620 1312 1886 1365 habenas:

194 1388 342 1451 ‘Quo
381 1388 544 1458 fugiS‚
583 1388 788 1441 oblitus
827 1387 1033 1440 nostris
1073 1390 1129 1439 te
1169 1387 1354 1439 cedere
1394 1387 1615 1457 regnis?

192 1461 363 1516 Nulla
401 1462 504 1515 tibi
542 1461 750 1530 Libyca
788 1461 999 1514 latebra
1039 1464 1137 1529 est,
1177 1478 1207 1513 o
1250 1459 1446 1530 Scipio,
1486 1459 1667 1513 terra?

193 1535 344 1589 Haec
384 1535 463 1587 ait
503 1538 558 1588 et
599 1536 789 1588 stricto
832 1535 1076 1604 sequitur
1116 1553 1370 1588 mucrone
1410 1535 1704 1604 uolantem,

194 1609 381 1663 Donec
421 1609 719 1679 longinquo
758 1608 1084 1661 frustratum
1124 1608 1275 1660 duxit
1314 1610 1372 1661 in
1411 1627 1543 1662 arua
1798 1618 1884 1659 545

192 1683 427 1736 Diuersa
466 1683 646 1752 spatio
687 1683 878 1751 procul
919 1701 950 1735 a
990 1682 1282 1735 certamine
1321 1700 1553 1752 pugnae.

193 1757 333 1810 Tum
371 1756 542 1810 fallax
582 1756 764 1809 subito
807 1756 1156 1809 simulacrum
1193 1756 1251 1808 in
1289 1757 1477 1809 nubila
1517 1756 1696 1809 cessit.

197 1830 512 1884 Fulmineus
553 1830 767 1883 ductor:
808 1828 1093 1892 ‘Quisnam
1136 1847 1193 1882 se
1231 1830 1451 1883 numine
1492 1848 1649 1883 caeco

196 1902 519 1973 Composuit
556 1903 750 1973 nobis,'
789 1903 984 1973 inquit,
1025 1902 1218 1956 ‘deus‘?
1260 1906 1355 1956 aut
1394 1905 1531 1957 latet
1568 1904 1712 1956 idem

195 1977 304 2031 Cur
345 1978 627 2031 monstro?
674 1981 958 2031 tantumne
997 1978 1184 2030 obstat
1216 1997 1335 2030 mea
1367 1978 1544 2047 gloria
1577 1976 1755 2030 diuis?
1800 1989 1887 2029 550

195 2050 299 2104 Sed
337 2070 448 2104 non
488 2053 689 2105 auelles
728 2069 1004 2120 umquam,
1043 2052 1364 2120 quicumque
1405 2053 1669 2104 secundus

199 2124 531 2179 Caelicolum
571 2128 683 2178 stas
723 2124 1013 2192 Ausoniae,
1051 2142 1160 2177 non
1201 2125 1411 2177 artibus
1451 2126 1665 2178 hostem

198 2199 414 2268 Eripies
455 2218 646 2252 uerum
685 2196 880 2251 nobis?
942 2197 1117 2250 Frena
1155 2198 1279 2250 inde
1319 2199 1473 2251 citati

199 2271 486 2325 Conuertit
524 2271 845 2324 furibundus
887 2271 1009 2339 equi
1049 2289 1404 2341 campumque
1442 2272 1680 2341 petebat,

198 2343 334 2398 Cum
377 2345 556 2397 subito
599 2345 841 2398 occultae
880 2345 1047 2413 pestis
1088 2344 1328 2413 collapsa
1367 2348 1602 2398 tremore
1800 2358 1885 2398 555

315 2478 402 2518 528
433 2474 580 2518 adicit
598 2479 670 2517 ΙΝ
701 2473 903 2531 adigitis·
936 2473 1163 2518 addicito
1196 2473 1331 2518 addit
1345 2475 1485 2533 uulyo
1558 2478 1642 2518 533
1669 2475 1842 2519 Iunone
1861 2481 1887 2518 S

203 2558 253 2567 --
291 2532 525 2578 similatus
557 2533 759 2589 Ruperti
849 2537 935 2577 534
966 2534 1030 2577 At
1060 2533 1308 2578 Liuineius
1354 2536 1422 2577 Ac
1457 2538 1482 2576 S
1585 2537 1671 2578 535
1705 2533 1887 2591 spirans

197 2592 422 2636 Heinsius
454 2597 496 2637 et
526 2592 719 2649 Bentley
800 2595 886 2636 538
917 2591 1050 2636 uolat
1080 2593 1199 2637 deest
1227 2593 1281 2636 in
1305 2596 1336 2634 0
1415 2597 1500 2636 542
1535 2593 1720 2637 credere
1743 2593 1889 2638 Bothe

198 2654 282 2695 546
316 2649 513 2695 Diuerso
546 2652 643 2696 edd.
669 2652 920 2696 nonnullae
965 2650 1188 2695 Diuersae
1219 2651 1468 2707 Heinsim,
1497 2653 1574 2696 sed
1604 2652 1663 2706 ef.
1687 2651 1888 2709 Ruperti

197 2711 260 2754 ad
301 2710 416 2754 VII.
444 2714 536 2754 618
705 2713 791 2754 548
823 2709 1090 2754 Flamineus
1125 2715 1150 2752 8
1185 2735 1238 2742 -
1271 2708 1459 2754 numine
1491 2715 1560 2753 Lr
1605 2710 1781 2755 lumine
1815 2715 1886 2753 OV

199 2773 284 2813 549
317 2768 464 2826 idem]
499 2769 646 2812 ictum
678 2768 823 2814 Bothe
1003 2772 1102 2814 553.
1138 2772 1224 2813 554
1264 2767 1402 2813 citati
1434 2794 1488 2801 —
1523 2768 1631 2826 equi
1660 2770 1887 2815 Heinsius

199 2827 355 2872 citatis
376 2852 430 2859 —
451 2826 558 2883 equi
582 2832 651 2869 LE·
684 2826 841 2872 citatis
860 2853 914 2860 —
932 2828 1064 2883 equis
1090 2831 1160 2869 0V
1275 2831 1360 2871 555
1393 2827 1547 2872 subito
1581 2829 1792 2874 occultae
1817 2833 1885 2871 LE

200 2886 354 2990 sulilito
387 2885 573 2930 occulta
605 2890 635 2929 0
684 2885 866 2931 subitae
899 2887 1085 2931 occulta
1117 2891 1154 2929 V
1202 2885 1385 2931 subitae
1426 2887 1609 2933 occulto
1642 2889 1741 2934 edd.
1774 2901 1885 2932 non-

196 2959 261 2990 nu
301 2960 352 2991 ae

1221 3095 1240 3128 ὃ
