1988 3190
173 127 249 185 58
842 125 956 173 sim
974 123 1208 173 *ITALICI

175 264 504 318 Uincentum
543 263 815 316 obtulerat
851 263 1067 332 pubem.
1129 261 1240 314 ruit
1279 261 1442 315 obuia
1478 261 1537 314 in
1576 279 1728 316 arma

178 337 359 408 Scipio
401 340 456 391 et
496 337 741 390 oblatum
781 336 941 390 metit
978 336 1308 390 insatiabilis
1349 353 1559 405 agmen.

251 412 434 466 Tifata
470 410 767 464 umbrifero
809 414 1129 481 generatum
1168 413 1353 463 monte
1394 408 1655 464 Calenum

175 485 514 554 Nutrierant‚
555 486 750 539 audere
789 488 1021 553 trucem3
1059 503 1158 537 nec
1198 502 1422 552 corpore
1461 500 1662 554 magno
1782 497 1870 539 220

175 560 330 614 Mens
371 563 488 614 erat
525 559 762 613 inferior.
825 559 1103 612 subsidere
1144 576 1304 642 saepe
1343 559 1571 629 leonem,

175 634 369 688 Nudus
407 635 546 687 inire
586 637 749 704 caput
786 651 1013 717 pugnaS,
1045 636 1250 686 certare
1281 633 1509 686 iuuenco

174 708 360 779 Atque
400 709 624 778 obliqua
661 707 829 761 trucis
869 708 1130 761 deducere
1170 725 1370 760 cornua
1408 699 1583 760 tauri

176 783 444 836 Assuerat
483 782 754 852 crudoque
795 782 980 851 aliqua
1021 800 1076 835 se
1118 781 1368 835 attollere
1407 780 1570 835 facto·

175 858 246 923 Is,
287 858 413 910 dum
453 857 779 926 praecipites
820 856 1045 927 expellit
1084 855 1300 909 Uirrius
1339 855 1487 924 urbe,
1781 868 1868 910 225

176 930 283 985 Seu
323 934 524 1000 spreto,
564 949 659 984 seu
696 949 765 984 ne
804 931 960 984 fieret
997 949 1165 1001 mora,
1204 930 1381 982 nudus
1419 930 1477 982 in
1517 947 1720 1000 aequor

175 1005 419 1059 Thorace
460 1005 664 1058 exierat
702 1005 976 1075 leuiorque
1015 1005 1301 1075 premebat
1339 1003 1563 1057 anhelos

173 1079 419 1133 Pondere
459 1080 661 1132 loricae
701 1082 755 1132 et
791 1080 1030 1149 palantis
1070 1080 1249 1132 uictor
1280 1078 1494 1147 agebat.

175 1154 401 1223 Iamque
440 1152 782 1206 Ueliternum
821 1153 1001 1206 media
1038 1155 1384 1222 transegerat
1422 1152 1564 1221 alu0,

174 1227 292 1281 Iam
332 1228 554 1280 solitum
595 1227 809 1297 aequali
847 1227 973 1280 ludo
1014 1227 1354 1280 committere
1394 1226 1660 1295 equestris
1781 1239 1867 1281 230

175 1301 459 1372 Scipiadae
497 1319 708 1372 pugnas
747 1301 986 1355 Marium
1025 1302 1221 1354 tellure
1266 1301 1485 1354 reuulso

174 1376 488 1430 Perculerat
527 1394 674 1429 saxo,
737 1377 901 1429 miser
937 1375 1272 1445 implorabat
1311 1374 1546 1427 amicum

176 1450 314 1504 Cum
354 1451 561 1520 gemitu
594 1451 861 1519 expiranS,
902 1450 1261 1519 scopulusque
1291 1449 1574 1519 premebat
1605 1449 1868 1505 hiantem.

177 1523 296 1594 Sed,
335 1525 547 1577 ualidas
589 1543 751 1578 saeuo
791 1524 938 1577 uires
980 1524 1286 1594 duplicante
1326 1523 1526 1590 dolore,

175 1598 387 1652 Effudit
425 1599 679 1652 lacrimas
718 1599 926 1668 pariter
965 1617 1294 1668 cornumque
1336 1601 1621 1651 sonantem
1779 1611 1866 1652 235

177 1671 375 1741 ScipiO,
417 1673 663 1726 solamen
701 1692 999 1743 properans
1040 1673 1280 1741 optabile
1319 1672 1379 1724 in
1418 1672 1584 1725 armis

175 1746 411 1799 Hostem
450 1750 727 1816 prostrato
768 1748 1089 1801 morientem
1131 1746 1415 1800 ostendere
1457 1746 1646 1799 amico,

177 1821 459 1887 Tranauit,
500 1822 738 1873 uolucris
779 1822 1013 1890 liquidas
1053 1839 1149 1873 ceu
1189 1821 1456 1874 scinderet
1496 1837 1674 1889 auraS‚

177 1894 355 1947 Hasta
394 1895 498 1946 uiri
535 1898 726 1962 pectus
766 1896 1022 1964 rupitque
1062 1894 1324 1947 immania
1363 1893 1622 1947 membra.

177 1967 395 2030 Quanta
435 1972 517 2020 est
556 1970 638 2021 uis
673 1969 805 2039 agili
837 1987 933 2037 per
965 1969 1181 2022 caerula
1213 1986 1426 2021 summa
1459 1967 1743 2038 Liburnae,
1782 1981 1870 2021 240

178 2041 344 2111 Quae,
383 2042 586 2111 pariter
628 2043 879 2111 quotiens
919 2045 1206 2096 reuocatae
1247 2043 1314 2095 ad
1352 2044 1576 2110 pectora
1615 2045 1805 2095 tonsae

177 2115 496 2168 Percussere
535 2116 753 2187 fretum,
792 2116 971 2170 uentis
1011 2117 1155 2187 fugit
1195 2117 1342 2170 ocior
1374 2120 1429 2169 et
1469 2134 1540 2185 se,

177 2188 352 2251 Quam
388 2191 556 2260 longa
595 2194 693 2259 est,
731 2209 839 2244 uno
879 2209 1151 2244 remorum
1190 2190 1453 2260 praeterit
1489 2190 1618 2244 ictu.

251 2264 550 2317 Ascanium
589 2264 837 2332 UolesuS,
876 2265 1134 2333 proiectis
1176 2264 1325 2331 ocius
1366 2263 1548 2327 armisg

178 2337 295 2399 Quo
337 2339 508 2390 leuior
546 2342 757 2407 peteret
797 2356 996 2405 muros,
1034 2356 1131 2405 per
1171 2340 1361 2405 aperta
1400 2336 1680 2388 uolantem
1783 2349 1870 2389 245
1930 2395 1934 2399 ,

177 2412 505 2480 Assequitur
544 2412 747 2480 planta.
794 2411 1059 2463 deiectum
1097 2410 1345 2478 protinus
1388 2427 1511 2462 ense

296 2588 382 2627 219
431 2583 584 2629 Sifata
632 2588 703 2627 0V
914 2589 998 2629 221
1041 2583 1300 2642 subsidere]
1348 2583 1439 2627 sibi
1478 2583 1676 2627 subdere
1715 2583 1870 2628 Barth

178 2647 266 2685 224
298 2642 459 2697 aliqua
492 2648 552 2686 ch
591 2643 782 2700 obliqua
813 2648 848 2685 Ε
888 2642 1078 2699 oblique
1109 2647 1217 2686 Lov
1250 2667 1306 2676 --
1337 2643 1462 2686 facto
1488 2645 1591 2685 chr
1630 2641 1731 2685 fato
1761 2645 1870 2685 mv

180 2705 265 2744 231
302 2701 502 2745 marium
528 2707 566 2746 V
596 2703 800 2747 macium
823 2707 890 2745 Lo
924 2703 1124 2747 matium
1146 2706 1180 2744 F
1214 2727 1269 2734 —-
1300 2703 1491 2758 repulso
1523 2705 1557 2743 Ε
1641 2705 1728 2745 232
1760 2700 1870 2745 Per-

177 2759 355 2802 tulerat
387 2764 412 2801 S
550 2765 637 2805 235
672 2761 879 2805 Effundit
911 2765 983 2804 0V
1115 2765 1201 2805 238
1232 2759 1436 2804 uolucris
1467 2759 1669 2815 liquidas
1702 2764 1729 2803 Β
1759 2758 1791 2804 l.
1823 2773 1869 2806 u.

176 2819 318 2876 uulyo
350 2844 405 2849 -
439 2819 672 2864 scinderet
713 2825 784 2863 ΟΥ
829 2820 1005 2864 findere
1044 2825 1112 2863 ΣΕ
1294 2824 1381 2863 240
1422 2817 1666 2872 Quantaue
1707 2818 1780 2863 uis
1811 2844 1867 2852 —

177 2877 414 2981 {burnae
447 2881 519 2922 est
550 2880 696 2924 Bothe
833 2884 918 2923 241
951 2879 1135 2937 tonsae]
1170 2892 1301 2923 muse
1333 2883 1365 2921 1.
1508 2880 1595 2921 246
1629 2877 1869 2922 desectum

232 2950 403 2981 emszus

1976 3002 1984 3026 :w
1974 2958 1986 2990 21:
1976 2877 1988 2948 4⁷⁸1.
1978 2838 1988 2865 «ε’
