1988 3190
149 102 182 154 8
811 101 924 148 SILI
954 101 1178 147 ITALICI

160 237 394 292 Saeuum
435 241 596 308 atque
638 240 960 308 aequantem
998 238 1135 291 ritus
1176 238 1512 292 Garamanta
1547 238 1786 294 ferarum

156 312 481 367 Marmarico
521 330 726 382 ponam
764 312 1002 366 tentoria
1039 312 1243 366 mixtus
1284 312 1541 366 alumno?

154 387 558 456 Ductoremque
598 385 793 456 feram,
833 387 918 440 cui
956 405 1097 441 nunc
1134 405 1234 456 pro
1274 387 1490 441 foedere
1529 406 1735 459 proque

154 461 376 514 Iustitia
415 464 500 514 est
540 461 685 514 ensis
727 462 980 530 solaeque
1021 479 1048 513 e
1089 461 1351 531 sanguine
1391 460 1615 516 laudes?

157 534 285 588 Non
324 535 420 605 ita,
459 553 571 588 non
609 534 777 588 Decio
817 535 1144 604 permixtum
1181 535 1373 605 fasque
1411 534 1687 606 nefasque,
1765 549 1848 590 185

155 608 306 662 Haec
345 612 406 662 ut
444 609 586 662 uelle
627 612 803 678 queat.
857 609 1010 662 nullo
1049 627 1149 662 nos
1190 610 1379 662 inuida
1416 612 1573 663 tanto

155 682 412 737 Armauit
442 681 657 737 Natura
695 683 855 752 bon0,
896 701 1060 752 quam
1097 683 1262 736 ianua
1302 683 1493 736 mortis
1547 679 1578 709 ⁸

157 756 312 819 Quod
351 760 505 826 patet
543 762 599 810 et
638 757 755 810 uita
793 775 905 810 non
944 776 1116 827 aequa
1155 758 1301 811 exire
1339 758 1619 826 potestas?

158 829 309 884 Haec
348 850 491 884 uana
531 849 752 884 auersas
793 830 992 884 Decius
1032 831 1261 885 iactauit
1300 832 1369 885 ad
1408 834 1568 886 auris·

232 904 339 959 Ast
377 906 588 959 delecta
628 924 820 958 manus
862 906 1126 976 iungebat
1163 905 1384 959 foedera
1421 905 1620 960 Poeno.
1768 921 1852 962 190

160 980 383 1050 Iamque
424 980 611 1033 aderat
651 980 950 1049 praemissa
989 980 1111 1033 duci
1150 980 1409 1033 turbante
1446 981 1688 1033 tumultu

159 1053 446 1107 Autololes
487 1072 776 1107 numerosa
815 1054 1025 1107 cohors,
1079 1053 1195 1123 ipse
1237 1054 1451 1124 agmine
1492 1071 1693 1125 magno

157 1128 445 1181 Festinata
485 1128 621 1180 citus
661 1146 758 1196 per
798 1145 1018 1197 campos
1059 1128 1216 1198 signa
1254 1127 1524 1181 mouebat.

160 1201 238 1255 Et
277 1201 500 1256 Decius:
542 1201 721 1255 eNunc
760 1201 911 1271 hora,
950 1201 1070 1271 uiri,
1108 1220 1253 1255 nunc
1292 1205 1522 1272 tempus.
1579 1202 1780 1272 adeste,

159 1276 306 1330 Dum
332 1273 519 1345 Capua
551 1275 791 1346 dignum,
825 1276 951 1328 dum
977 1294 1062 1328 me
1088 1276 1219 1330 duce
1254 1275 1474 1329 dextera
1508 1275 1703 1330 uindex
1768 1290 1854 1331 195

160 1350 389 1404 Molitur
428 1349 662 1419 facinus3
700 1350 1024 1419 procumbat
1063 1350 1298 1403 barbara
1336 1350 1522 1420 pubes,

161 1424 267 1477 Pro
304 1442 359 1477 se
401 1424 630 1494 quisque
671 1424 877 1477 alacres
917 1424 1090 1493 rapite
1130 1424 1233 1477 hoc
1265 1424 1440 1478 decus,
1493 1424 1670 1477 hostis
1705 1425 1854 1478 adire

166 1497 224 1552 Si
261 1501 435 1568 parat,
475 1498 784 1551 obstructas
824 1499 1080 1568 praebete
1121 1498 1382 1552 cadauere
1421 1500 1610 1567 portas

161 1572 237 1626 Et
274 1572 419 1625 ferro
459 1575 692 1642 purgate
731 1571 899 1625 nefas.
953 1572 1043 1625 hic
1082 1572 1310 1643 denique
1353 1572 1500 1625 solus

163 1647 377 1700 Eluerit
417 1646 637 1716 sanguis
681 1646 980 1700 maculatas
1021 1646 1247 1699 crimine
1287 1644 1532 1699 mentes?
1769 1660 1857 1701 200

238 1720 490 1790 Dumque
531 1738 593 1772 ea
631 1720 990 1790 nequicquam
1028 1739 1138 1773 non
1178 1720 1275 1772 ulli
1314 1721 1460 1774 laeta
1497 1719 1762 1790 profatur,

167 1794 371 1847 Audita
412 1794 707 1862 asperitate
747 1794 853 1846 uiri
891 1797 1189 1862 coeptoque
1229 1793 1413 1862 feroci,

163 1867 341 1922 Multa
379 1867 492 1919 feta
533 1884 725 1936 gerens
766 1867 848 1919 ira
887 1867 1218 1937 praecordia,
1257 1867 1467 1920 Poenus

165 1941 404 1995 Astabat
443 1941 612 1992 muris
653 1959 985 2010 propereque
1026 1959 1296 1994 accersere
1328 1941 1499 1994 lectos

165 2015 442 2069 Immitem
481 2014 675 2067 castris
719 2014 942 2068 Decium
981 2015 1147 2068 iubet.
1201 2015 1424 2068 horrida
1456 2015 1630 2068 uirtus
1771 2029 1858 2070 205

170 2090 562 2158 Armatumque
602 2088 704 2141 fide
743 2091 932 2158 pectus
974 2088 1213 2159 rectique
1254 2088 1447 2159 cupido

168 2164 244 2217 Et
282 2163 457 2216 maior
498 2160 686 2232 Capua
724 2180 878 2216 mens
917 2163 1285 2232 imperterrita
1319 2163 1466 2216 'mole

167 2237 383 2290 Inuicta
423 2237 609 2289 stabat
648 2238 913 2305 toruoque
947 2236 1179 2290 minacia
1217 2236 1375 2289 uultu

167 2311 324 2364 Iussa
363 2310 512 2364 ducis
553 2310 842 2379 uerbisque
883 2310 1049 2363 etiam
1088 2310 1394 2364 incessebat
1434 2311 1646 2364 amaris

293 2504 374 2543 181
408 2499 527 2543 ritus
560 2505 634 2543 cm
656 2500 750 2557 Ep.
778 2504 864 2545 101
899 2500 1069 2544 rictum
1102 2500 1294 2545 Marsus
1358 2504 1441 2544 186
1475 2514 1558 2545 uos
1585 2500 1777 2545 Marsus
1803 2526 1859 2534 —

169 2558 333 2603 uiuida
348 2559 599 2604 Liuineius
662 2564 745 2605 187
771 2559 913 2603 morti
929 2559 1124 2617 Bentley
1139 2558 1306 2604 Mortis
1330 2559 1531 2615 Ruperti
1609 2563 1692 2604 188
1710 2574 1735 2605 e
1759 2559 1861 2604 uita

171 2617 360 2662 Mars-us
485 2622 567 2662 189
602 2619 823 2663 aduersas
854 2623 887 2660 F
1020 2623 1104 2663 190
1136 2618 1365 2675 iungebat
1397 2624 1423 2662 8
1470 2619 1729 2676 iungebant
1759 2619 1859 2664 edd.

164 2677 407 2734 pleraeque
517 2681 599 2721 191
634 2678 798 2722 aderat
830 2682 855 2720 S
897 2677 1094 2722 aderant
1125 2679 1222 2723 edd.
1249 2678 1494 2734 pleraeque
1603 2683 1686 2722 193
1719 2676 1860 2735 citus]

172 2737 300 2779 ortus
335 2738 406 2777 0V
569 2741 653 2780 195
686 2738 878 2782 alterum
912 2736 1023 2781 dum
1061 2737 1179 2782 deest
1210 2738 1263 2782 in
1292 2741 1326 2779 F
1485 2740 1569 2780 198
1607 2735 1800 2792 prebete
1833 2740 1861 2778 Β

171 2793 351 2851 replete
384 2795 483 2838 edd.
509 2797 760 2840 nonnullae
784 2811 820 2841 e.
847 2797 942 2840 cod.
968 2796 1074 2841 Put.
1117 2796 1360 2842 obstructa
1389 2794 1634 2852 prohibete
1659 2808 1697 2840 c.
1722 2796 1861 2851 porta.

173 2854 315 2898 Blass
511 2857 594 2897 199
637 2856 732 2897 Aut
769 2868 804 2899 s.
843 2854 931 2898 Uel
961 2855 1161 2912 Ruperti
1357 2859 1440 2899 201
1480 2853 1628 2911 laeta]
1669 2853 1798 2899 latea
1827 2857 1862 2895 Ε·

174 2913 255 2968 (cf.
288 2926 334 2957 u.
359 2915 440 2967 45)
561 2917 647 2956 208
679 2912 882 2957 minacia
914 2918 1013 2956 chI.
1053 2913 1286 2958 minantia
1315 2918 1348 2955 Ε
1396 2912 1580 2957 uinacia
1612 2915 1683 2955 ov
