1988 3190
504 174 864 221 PUNICORUM
893 174 1076 219 LIBER
1106 174 1227 219 XIV.
1647 172 1718 226 93

28 311 295 380 Inuitum3
338 329 475 381 quae
516 314 710 381 sponte
751 311 842 364 diu
879 329 990 363 non
1031 310 1335 379 sumpserit,
1374 309 1590 363 hostem

30 385 261 439 Induere
301 403 452 438 arma
491 386 617 438 sibi:
657 386 891 438 telorum
929 385 1144 447 turbine
1183 387 1346 436 uasto

30 460 366 531 Aggreditur
398 477 581 512 muros
623 462 786 530 atque
826 459 993 512 armis
1033 458 1250 511 intonat
1288 457 1425 511 urbi.

29 533 138 586 Par
177 533 352 587 omnis
393 533 554 593 simul
591 534 674 586 ira
711 533 882 602 rapit3
922 535 1240 601 certantque
1279 535 1568 601 ruuntque.
1651 603 1654 605 Β

32 607 238 676 Turris,
278 606 567 675 multiplici
606 624 831 676 surgens
873 607 940 660 ad
982 607 1159 659 sidera
1198 609 1360 674 tecto,
1630 619 1717 660 300

28 680 247 746 Exibat‚
285 681 534 734 tabulata
573 681 757 734 decem
797 681 883 734 cui
923 698 1160 733 crescere
1202 679 1396 732 Graius

29 754 256 808 Fecerat
295 758 349 807 et
387 755 588 808 multas
626 773 908 808 nemorum
949 757 1361 824 consumpserat
1400 754 1637 807 umbras,

32 827 320 882 Armatam
358 828 484 882 hinc
520 828 636 898 igni
675 829 866 898 pinum
906 832 960 881 et
993 829 1279 881 deuoluere
1321 847 1451 880 saxa

33 901 330 956 Certabant
367 902 678 972 calidaeque
717 903 850 971 picis
892 902 1190 955 diffundere
1228 904 1456 972 pestem.

30 975 175 1029 Huic
213 977 401 1045 procul
442 977 718 1029 ardentem
757 977 1025 1030 iaculatus
1063 976 1317 1044 lampada
1357 975 1573 1028 Cimber
1631 988 1717 1029 305

32 1049 246 1103 Conicit
285 1054 340 1102 et
377 1050 538 1102 lateri
574 1051 741 1102 telum
783 1050 1057 1103 exitiabile
1097 1050 1234 1120 figit.

32 1123 278 1177 Pascitur
317 1123 530 1176 adiutus
570 1123 847 1177 Uulcanus
886 1124 1104 1177 turbine
1144 1123 1310 1192 uenti,

33 1196 471 1266 Gliscentemque
509 1198 731 1251 trahens
771 1198 938 1251 turris
977 1217 1074 1267 per
1112 1198 1320 1250 uiscera
1359 1198 1540 1251 labem

31 1269 241 1341 Perque
281 1271 450 1324 altam
489 1272 686 1325 molem
728 1275 782 1325 et
821 1273 1022 1325 totiens
1063 1271 1356 1324 crescentia
1395 1275 1554 1340 tecta,

33 1344 258 1397 Scandit
283 1363 450 1398 ouans
475 1346 802 1415 rapidusque
826 1349 986 1399 uorat
1011 1346 1337 1415 crepitantia
1360 1346 1594 1399 flammis
1632 1359 1717 1399 310

35 1417 258 1471 Robora
296 1423 366 1487 et,
405 1419 616 1489 ingenti
655 1421 818 1472 simul
857 1420 1159 1472 exundante
1198 1438 1399 1488 uapore

34 1492 121 1544 Ad
161 1493 385 1558 caelum,
423 1495 600 1546 uictor
636 1494 889 1546 nutantia
928 1494 1165 1546 culmina
1202 1494 1410 1546 lambit.

33 1564 338 1634 Implentur
376 1565 526 1619 fumo
567 1569 622 1619 et
659 1568 858 1620 nebula
899 1566 1146 1636 caliginis
1188 1570 1353 1631 atrae,

32 1637 152 1693 Nec
188 1639 435 1708 cuiquam
475 1640 712 1693 euasisse
753 1640 933 1710 datur3
972 1658 1068 1692 ceu
1105 1639 1349 1692 fulminis
1387 1640 1503 1693 ictu

35 1711 331 1781 Correptae
370 1713 557 1782 rapido
596 1713 655 1765 in
693 1714 899 1767 cineres
941 1714 1121 1766 abiere
1159 1714 1363 1768 ruinae.
1632 1728 1718 1768 315

109 1786 215 1839 Par
252 1790 440 1840 contra
477 1788 673 1857 pelago
712 1788 926 1841 miseris
964 1787 1185 1841 fortuna
1223 1787 1435 1842 carinis,

33 1859 280 1930 Namque
319 1862 414 1913 ubi
453 1879 509 1913 se
548 1861 771 1931 propius
809 1863 969 1915 tectis
1007 1862 1234 1930 urbique
1265 1862 1452 1931 tulere,

38 1934 157 1996 Qua
195 1938 383 2002 portus
424 1935 594 1987 muris
632 1938 853 2005 pacatas
894 1936 1136 2004 applicat
1177 1935 1365 2005 undaS‚

36 2006 344 2076 Improuisa
381 2026 525 2061 nouo
566 2010 736 2078 pestis
777 2009 1076 2062 conterruit
1117 2012 1251 2062 astu.

36 2079 211 2134 Trabs
250 2081 402 2134 fabre
440 2085 582 2135 teres
623 2086 802 2151 atque,
842 2083 1010 2136 erasis
1051 2083 1285 2152 undique
1323 2083 1503 2153 nodiS,
1632 2096 1720 2136 320

35 2152 237 2207 Nauali
279 2155 471 2208 similis
511 2157 682 2226 malo,
721 2157 973 2225 praefixa·
998 2156 1224 2226 gerebat

156 2333 242 2372 296
281 2328 578 2385 Inuitumque
618 2344 645 2373 a
685 2331 850 2387 sponte
891 2336 917 2373 S
963 2329 1170 2374 Inuitum
1209 2329 1320 2387 quia
1359 2345 1426 2387 sp.
1460 2334 1521 2372 ch
1550 2356 1595 2362 —-
1642 2330 1722 2374 diu

0 2386 3 2443 ζ
38 2387 158 2431 deest
194 2388 246 2430 in
286 2391 316 2429 0
366 2387 504 2431 deum
536 2388 760 2434 Heinsius
808 2403 892 2433 sua
931 2389 1155 2434 Schrader
1201 2388 1349 2433 animi
1379 2390 1434 2435 L.
1468 2389 1640 2434 Muller
1670 2390 1723 2434 in

41 2445 167 2490 Mus.
192 2444 337 2490 Rhen.
363 2446 539 2491 XVII.
558 2461 607 2503 p.
626 2452 718 2493 187
803 2452 888 2491 299
923 2447 1073 2491 omnis
1106 2447 1264 2506 simul]
1298 2461 1483 2491 omnem
1515 2447 1722 2492 Siculum

40 2504 187 2548 Bothe
329 2509 413 2548 301
447 2504 602 2561 graius
635 2510 705 2550 0V
748 2507 905 2562 grauis
936 2511 1003 2549 LF
1140 2511 1225 2551 303
1259 2506 1367 2550 hinc
1401 2510 1469 2549 ov
1514 2506 1623 2552 huic
1653 2511 1722 2549 LF

40 2587 96 2595 —
127 2562 288 2619 pinum
311 2566 421 2604 Lrv
451 2565 570 2609 deest
597 2566 651 2609 in
675 2569 705 2608 0
739 2566 908 2610 molem
932 2567 1072 2620 uulyo
1145 2569 1231 2609 305
1263 2565 1384 2609 Huic
1410 2569 1441 2607 0
1473 2566 1593 2610 Hinc
1614 2571 1722 2609 Lrv

38 2620 126 2664 Hic
171 2621 312 2678 uulgo
505 2627 589 2668 307
639 2623 827 2668 adiutus
875 2626 968 2669 cod.
1002 2625 1109 2668 Put.
1157 2623 1318 2668 adiuto
1352 2629 1378 2667 S
1424 2623 1610 2669 adiecto
1648 2627 1724 2671 uel

41 2678 261 2723 adiuncto
300 2678 549 2725 Liuineius
594 2687 635 2727 et
680 2683 975 2741 Dausqueius
1156 2687 1242 2726 308
1289 2682 1449 2726 tabem
1496 2683 1722 2730 Schrader

38 2742 127 2782 309
158 2737 353 2796 totiens]
385 2741 548 2783 tenens
575 2744 605 2782 0
645 2741 819 2786 totiens
851 2742 1108 2786 crescentia
1132 2747 1204 2784 cm
1227 2742 1319 2798 Ep.
1344 2745 1403 2785 44
1431 2744 1672 2788 nascentia
1696 2750 1722 2788 8

42 2800 129 2840 310
174 2796 456 2853 rapidusque
506 2802 532 2840 S
584 2798 851 2856 rapidisque
898 2801 1037 2857 uulyo
1086 2826 1141 2833 —
1186 2800 1466 2856 crepitantia
1513 2806 1586 2845 cm
1624 2804 1652 2847 Ζ.
1692 2804 1721 2848 l.

42 2859 127 2919 311
167 2856 292 2899 Rora
330 2861 356 2898 8
459 2859 544 2900 312
587 2858 803 2903 nutantia
840 2859 1136 2915 Dausquez'us
1180 2860 1379 2904 nitentia
1418 2865 1445 2902 S
1547 2866 1634 2905 315
1673 2861 1723 2906 in

42 2914 240 2972 cineres]
276 2927 488 2959 moneres
518 2920 551 2958 L
585 2942 638 2948 —
671 2916 800 2961 abire
833 2923 859 2960 S
953 2922 1039 2962 320
1071 2918 1216 2962 Trabs
1246 2919 1378 2963 trabe
1409 2917 1570 2964 iuncta
1598 2922 1721 2965 teres

43 2971 219 3017 derasis
251 2988 296 3017 u.
327 2972 464 3018 nodis
494 2973 718 3029 Lefebure
750 3001 803 3008 —
836 2977 986 3022 noctis
1020 2981 1090 3019 ov
