1988 3190
630 118 990 165 PUNICORUM
1019 119 1201 164 LIBER
1231 118 1354 166 XIV.
1729 119 1839 172 103

149 256 224 310 Et
265 274 418 326 quae,
454 255 577 309 fusa
615 273 812 326 comaS,
852 273 1078 308 curuum
1118 273 1212 323 per
1251 255 1462 308 caerula
1499 254 1702 324 piscem
1749 268 1836 308 570

148 331 340 384 Nereis
384 329 588 383 umenti
626 329 937 382 moderatur
974 329 1187 382 roscida
1218 329 1394 393 freno,

150 404 338 458 Uritur
375 404 679 473 undiuagus
720 403 939 472 Python
978 406 1032 455 et
1071 402 1319 472 corniger
1355 402 1631 456 Hammon

147 478 239 544 Et,
279 497 415 549 quae
456 477 706 532 Sidonios
744 478 930 530 uultus
968 477 1227 546 portabat
1266 476 1492 545 Elissae,

149 553 246 606 Bis
286 553 456 606 ternis
494 553 628 605 ratis
669 551 949 605 ordinibus
989 554 1241 621 grassata
1279 569 1374 620 per
1413 550 1600 605 undas·

150 626 226 680 At
264 626 458 680 uinclis
497 625 736 678 trahitur
775 628 1009 696 cognata
1046 625 1104 677 in
1142 625 1308 678 litora
1345 623 1571 692 Anapus
1747 638 1832 679 575

148 700 570 770 Gorgoneasque
609 699 787 752 ferens
827 700 894 752 ad
935 699 1111 752 sidera
1148 698 1389 769 Pegasus
1430 699 1560 751 alas,

147 773 378 828 Ducitur
418 777 473 827 et
511 773 716 843 Libyae
755 773 951 843 puppis
993 773 1208 843 signata
1245 773 1478 843 figuram

146 848 223 902 Et
262 848 456 901 Triton
495 848 743 917 captiuus
785 850 840 901 et
880 847 1047 900 ardua
1084 846 1311 915 rupibus
1351 846 1544 914 Aetne,

150 921 422 992 Spirantis
461 939 624 991 rogus
666 921 939 990 Enceladi,
980 920 1320 989 Cadmeaque
1361 919 1544 975 Sidon.
1747 935 1833 974 579

221 995 336 1049 Nec
369 1014 536 1064 mora,
567 996 699 1064 quin
729 995 972 1065 trepidos
1003 995 1104 1047 hac
1136 994 1285 1047 clade
1316 994 1615 1064 irrumpere
1650 1013 1833 1049 muros

148 1068 421 1139 Signaque
461 1069 600 1122 ferre
641 1069 798 1122 deum
838 1069 1055 1137 templis
1095 1069 1202 1121 iam
1242 1068 1457 1137 iamque
1496 1068 1706 1140 fuisset,

147 1142 223 1197 Ni
263 1144 444 1197 subito
483 1144 796 1213 importuna
832 1143 950 1196 lues
989 1142 1314 1211 inimicaque
1346 1142 1529 1212 pestis,

146 1217 358 1270 Inuidia
398 1218 580 1270 diuum
619 1217 906 1288 pelagique
945 1217 1132 1269 labore
1170 1219 1380 1285 parata,

147 1291 362 1345 Polluto
403 1291 615 1344 miseris
653 1291 924 1361 rapuisset
964 1290 1161 1359 gaudia
1200 1291 1365 1343 caelo,

147 1363 394 1435 Criniger
433 1364 701 1418 aestiferis
739 1364 904 1417 Titan
941 1363 1244 1417 feruoribus
1285 1382 1442 1416 auras
1748 1378 1834 1418 585

146 1437 222 1490 Et
260 1439 504 1507 patulam
544 1437 766 1507 Cyanen
804 1439 1020 1507 lateque
1059 1438 1390 1507 palustribus
1428 1438 1588 1490 undis

148 1510 504 1582 Stagnantem
547 1511 742 1583 Stygio
783 1510 974 1581 Cocyti
1015 1511 1260 1580 oppleuit
1299 1511 1461 1564 odore

146 1585 519 1655 Temporaque
559 1587 816 1654 autumni,
854 1585 1013 1638 laetis
1052 1586 1301 1638 florentia
1341 1585 1513 1654 donis,

145 1659 410 1713 Foedauit
446 1659 742 1729 rapidoque
782 1658 1024 1713 accendit
1063 1658 1307 1711 fulminis
1346 1658 1476 1728 igni.

145 1731 417 1786 Fumabat
456 1752 668 1787 crassus
706 1734 920 1786 nebulis
960 1732 1210 1803 caliginis
1250 1750 1363 1803 aer3
1744 1747 1832 1787 590

147 1805 446 1877 Squalebat
483 1808 664 1878 telluS,
700 1807 896 1860 uitiato
935 1806 1144 1860 feruida
1184 1806 1369 1874 dorso3

144 1879 261 1934 Nec
299 1881 503 1934 uictum
544 1882 709 1935 dabat
748 1886 843 1934 aut
880 1881 1019 1934 ullas
1058 1879 1441 1951 languentibus
1482 1880 1719 1935 umbras,

145 1954 326 2024 Atque
367 1958 484 2008 ater
523 1957 674 2024 picea
712 1973 884 2024 uapor
923 1955 1206 2024 expirabat
1244 1955 1301 2005 in
1341 1954 1547 2007 aethra.

144 2027 270 2082 Uim
309 2029 470 2097 primi
510 2047 722 2082 sensere
762 2047 937 2082 canes,
1000 2047 1125 2081 mox
1161 2027 1396 2081 nubibus
1437 2028 1569 2080 atris

144 2101 329 2155 Fluxit
368 2102 619 2155 deficiens
659 2121 837 2172 penna
875 2103 1093 2155 labente
1133 2101 1390 2169 uolucris;
1743 2115 1829 2155 595

144 2175 274 2228 Inde
312 2175 457 2229 ferae
499 2176 652 2229 siluis
693 2176 883 2245 sterni,
923 2179 1042 2229 tum
1082 2193 1295 2245 serpere
1334 2175 1486 2229 labes

280 2399 365 2438 570
422 2394 641 2448 Quaeque
701 2392 846 2437 effusa
892 2418 947 2425 —
995 2392 1189 2448 pristem
1242 2393 1316 2436 uel
1370 2391 1555 2447 pristim
1603 2392 1830 2437 Heinsius

144 2455 229 2495 572
262 2451 450 2508 Python
481 2456 616 2494 chLF
656 2452 820 2508 phiton
846 2455 916 2494 OV
994 2455 1079 2495 573
1113 2450 1329 2494 Sidoniae
1362 2451 1555 2510 Bentley
1647 2455 1732 2495 575
1764 2451 1829 2495 At

145 2515 281 2552 ehu?
342 2509 410 2553 Ac
457 2514 528 2552 ov
573 2536 631 2542 —
676 2510 861 2554 uinctus
910 2509 1134 2553 Heinsius
1179 2513 1220 2552 et
1265 2509 1459 2565 Bentley
1505 2534 1563 2542 —
1609 2508 1746 2554 litore
1793 2515 1827 2553 F

146 2573 232 2613 578
265 2568 433 2613 aethne
455 2572 558 2610 1.Ὲο
591 2569 732 2613 ethne
756 2573 794 2611 V
922 2573 1006 2612 581
1039 2567 1325 2623 iamiamque
1352 2571 1423 2609 ΟΥ
1454 2567 1736 2625 iamiamque
1757 2574 1827 2612 ΒΕ·

147 2652 202 2659 -
235 2628 404 2671 ruisset
433 2627 658 2672 Heinsius
815 2631 901 2670 582
935 2626 1016 2684 Ni]
1049 2626 1110 2671 Et
1140 2632 1166 2669 s
1324 2631 1410 2670 583
1441 2626 1619 2683 labore]
1652 2641 1826 2684 uapore

145 2686 368 2731 Heinsius
487 2689 572 2730 585
606 2684 815 2742 Criniger
845 2690 914 2728 111·
951 2684 1167 2740 Eriniger
1199 2689 1230 2727 0
1269 2684 1497 2741 Armiger,
1527 2687 1604 2731 sed
1626 2687 1658 2730 i.
1683 2701 1826 2744 mary.

143 2759 200 2788 m.
226 2748 258 2790 2
276 2743 846 2801 Crinigerv-aestiferis
859 2750 932 2788 em
944 2744 1036 2800 Ep.
1055 2749 1116 2788 90
1132 2748 1200 2786 ΒΕ
1226 2743 1452 2788 astriferis
1474 2748 1545 2787 ov
1559 2745 1695 2802 (1110.
1713 2749 1824 2801 224)

145 2807 232 2848 586
272 2817 449 2861 cyanen
478 2808 510 2846 L
558 2817 752 2860 cyanem
782 2808 817 2845 Ε·
862 2805 1044 2847 tranem
1078 2806 1148 2845 0V
1343 2807 1430 2847 588
1462 2802 1597 2848 laetis
1631 2810 1704 2847 cm
1735 2806 1762 2848 l.
1797 2807 1826 2849 l.

146 2861 280 2906 lactis
314 2867 344 2905 0
524 2866 611 2906 590
643 2875 823 2906 crassus
855 2868 929 2905 cm
959 2863 986 2906 l.
1013 2862 1041 2907 l.
1089 2874 1271 2906 crassae
1308 2861 1492 2907 Gronov
1531 2867 1573 2908 et
1603 2863 1826 2908 Heinsius

140 2922 271 2975 prob.
303 2922 449 2966 Bothe
569 2925 654 2965 596
685 2922 818 2965 tabes
851 2921 1077 2966 Schrader
