1988 3190
561 116 924 163 PUNICORUM
954 116 1136 162 LIBER,
1166 116 1268 161 XII.
1704 117 1777 172 45

94 255 217 324 Ipse
257 272 286 307 e
326 253 556 324 Tarpeio
598 253 845 307 sublimis
885 254 1085 307 uertice
1125 256 1333 319 cuncta,

93 329 170 383 Et
206 331 401 382 uentos
442 328 603 382 simul
643 330 698 380 et
735 328 906 381 nubes
947 331 1003 381 et
1040 327 1322 398 grandinis
1361 327 1473 381 iras
1693 341 1781 382 610

92 402 452 473 Fulminaque
492 404 546 455 et
584 403 818 455 tonitrus
859 406 914 455 et
950 402 1167 455 nimbos
1208 402 1418 455 conciet
1457 406 1619 455 atros,

92 476 355 531 Concussi
391 480 660 530 tremuere
698 476 828 545 poli,
867 476 1180 545 caelumque
1218 475 1458 529 tenebris

95 549 395 621 Clauditur,
434 553 489 603 et
526 553 698 603 terras
738 569 897 604 caeco
929 568 1037 604 nox
1077 549 1260 603 condit
1298 550 1514 605 amictu.

92 623 272 678 Instat
307 627 605 694 tempestas
646 624 831 694 oculiS,
869 624 1124 693 hostique
1162 623 1467 694 propinquo

92 699 267 752 Roma
305 699 480 752 latet.'
508 698 682 752 iactae
720 699 778 751 in
816 701 1027 752 turmas
1059 716 1155 767 per
1192 698 1382 751 nubila
1411 698 1662 751 flammae
1695 711 1780 752 615

95 771 397 826 Stridorem
437 775 675 838 seruant,
713 773 1074 842 membrisque
1114 772 1360 825 insibilat
1397 772 1558 843 ignis,

93 845 236 899 Hinc
273 844 472 916 Notus,
510 846 638 899 hinc
676 845 897 916 Boreas,
934 846 1061 899 hinc
1100 845 1268 899 fuscis
1307 845 1526 900 Africus
1567 845 1669 899 alis

95 921 250 973 Bella
287 923 524 989 mouent,
563 920 780 990 quantis
821 921 1028 974 animos
1070 922 1125 972 et
1162 923 1384 989 pectora
1421 921 1636 989 possint

94 993 230 1046 Irati
270 994 471 1047 satiare
508 993 671 1048 Iouis,
733 994 853 1047 fluit
893 1011 1090 1064 agmen
1129 1012 1409 1063 aquarum,

94 1067 331 1120 Turbine
371 1067 654 1121 confusum
693 1068 846 1137 piceo
887 1071 942 1121 et
979 1069 1230 1138 nigrante
1269 1068 1523 1138 procella,
1698 1082 1783 1123 620

95 1141 276 1211 Atque
316 1142 493 1195 omnis
534 1142 673 1196 circa
712 1160 931 1212 campos
973 1142 1349 1212 spumantibus
1389 1142 1547 1196 undis
1618 1198 1622 1202 ,

93 1215 352 1269 Inuoluit.
414 1216 589 1270 celsus
630 1235 840 1270 summo
883 1216 947 1269 de
987 1216 1220 1269 culmine
1260 1216 1464 1270 montis

95 1290 375 1360 Regnator
415 1307 669 1360 superum
711 1291 928 1343 sublata
965 1290 1199 1343 fulmina
1237 1290 1428 1343 dextra

95 1362 345 1417 Libra-uit
383 1364 664 1434 clipeoque
704 1364 867 1432 duciS‚
905 1383 1017 1418 non
1056 1364 1241 1418 cedere
1277 1364 1428 1434 certi,

98 1436 347 1490 Incussit.
411 1457 622 1491 summa
661 1438 953 1507 liquefacta
991 1442 1076 1491 cst
1115 1438 1295 1508 cuspis
1335 1439 1393 1490 in
1430 1438 1605 1503 hasta,
1698 1450 1784 1492 625

102 1510 178 1563 Et
216 1511 384 1580 fluxit,
423 1530 519 1564 ceu
558 1515 838 1580 correptus
877 1512 1202 1580 fornacibUS,
1241 1512 1400 1565 ensis.

175 1583 459 1637 Ambustis
498 1585 590 1637 sed
631 1585 774 1638 enim
815 1585 1004 1639 ductor
1045 1584 1295 1639 Sidonius
1336 1585 1502 1638 armis

102 1656 342 1710 Sistebat
381 1659 556 1712 socios
596 1662 652 1712 et
690 1677 907 1712 caecum
947 1678 975 1712 e
1013 1658 1249 1713 nubibus
1289 1659 1474 1729 ignem

99 1731 484 1802 Murmuraque
525 1751 556 1785 a
594 1733 771 1786 uentis
811 1733 1026 1787 misceri
1064 1751 1207 1786 uana
1247 1733 1491 1786 docebat.

99 1804 338 1858 Tandem
380 1809 506 1874 post
544 1807 723 1860 clades
765 1808 970 1863 socium
1009 1806 1251 1876 caelique
1289 1807 1518 1876 ruinam,
1700 1820 1786 1860 630

103 1877 229 1932 Non
267 1878 424 1932 hoste
463 1880 519 1932 in
556 1881 757 1934 nimbis
798 1881 935 1951 uiSO,
971 1898 1082 1934 non
1122 1899 1261 1950 ense,
1298 1881 1491 1934 referri

106 1951 276 2022 Signa
314 1953 465 2006 iubet
503 1956 696 2008 castris
735 1958 1075 2025 maestasque
1115 1954 1406 2008 resuscitat
1442 1955 1574 2007 iras:

99 2025 319 2079 eUentis
362 2026 582 2081 debebis
622 2029 879 2082 nimirum
918 2029 1219 2097 hiemisque
1260 2029 1516 2097 procellis

91 2098 289 2169 Unum,
326 2100 516 2170 Roma,
556 2102 710 2156 diem.
774 2103 869 2155 sed
905 2121 1016 2156 non
1053 2106 1108 2155 te
1149 2103 1385 2155 crastina
1422 2102 1580 2155 nobis

97 2173 215 2226 Lux
253 2192 511 2244 umquam
552 2176 764 2246 eripiet3
805 2176 1094 2229 descendat
1132 2176 1341 2245 Iupiter
1379 2176 1496 2245 ipse
1700 2187 1786 2229 635

100 2247 164 2300 In
204 2249 378 2301 terras
420 2248 583 2302 licet.'
644 2250 963 2303 Infrendens
1004 2251 1130 2303 dum
1169 2250 1305 2303 talia
1343 2249 1506 2318 fatur,

98 2320 239 2374 Ecce
280 2325 527 2376 serenato
568 2323 775 2376 clarum
812 2324 971 2377 iubar
1012 2324 1207 2377 emicat
1246 2342 1360 2392 axe,

99 2392 475 2464 Purgatusque
513 2396 654 2450 nitet
692 2397 949 2451 discussis
988 2398 1223 2451 nubibus
1265 2397 1466 2450 aether.

105 2467 393 2520 Aeneadae
434 2486 647 2523 sensere
689 2470 847 2523 deum
885 2471 1120 2539 telisque
1159 2470 1394 2539 repostis

222 2631 307 2671 609
353 2627 541 2686 cuncta]
580 2628 739 2671 iuncta
778 2627 1004 2674 Heinsius
1047 2631 1165 2672 nutu
1205 2629 1428 2683 Lefebure
1472 2628 1671 2674 iunctim
1714 2630 1788 2674 uel

105 2688 295 2731 cunctos
336 2686 521 2742 Withof
526 2690 529 2691 ’
603 2690 686 2731 611
722 2686 927 2732 concitet
959 2689 1001 2743 (t
1022 2690 1275 2744 suprascr.)
1301 2692 1338 2730 V
1430 2693 1515 2732 612
1540 2689 1731 2734 tenuere
1757 2693 1787 2731 0

110 2750 194 2789 616
226 2743 538 2801 membrisque
571 2750 632 2788 Ch
783 2750 868 2790 619
899 2746 996 2791 ruit
1027 2747 1252 2791 Heinsius
1417 2751 1502 2792 623
1534 2747 1727 2792 fulmine
1758 2752 1791 2790 1.

108 2807 193 2848 626
224 2803 365 2848 fulxit
394 2808 427 2846 1.
520 2809 603 2850 631
639 2816 747 2849 ense
774 2807 811 2846 V
841 2805 978 2850 hoste
1000 2809 1103 2848 Lro
1135 2805 1250 2849 urbe
1274 2806 1413 2851 Blass
1497 2811 1582 2852 633
1606 2807 1791 2865 Uentis]

106 2861 276 2905 nimbis
310 2863 496 2964 {simos
557 2869 642 2909 636
675 2862 964 2923 infrendens]
997 2863 1259 2909 miscendus
1285 2869 1315 2908 0
1387 2870 1472 2911 637
1497 2867 1734 2913 serenatus
1757 2870 1791 2908 r

106 2945 160 2953 —
193 2934 296 2966 asse
