1988 3190
241 150 346 203 176
905 150 1020 196 SILI
1052 149 1276 198 ITALICI

229 286 356 341 Ibat
397 285 713 356 Agenoreus
753 284 1101 356 praefulgens
1142 285 1335 341 ductor
1372 287 1431 340 in
1469 289 1637 359 ostro,

226 361 624 430 Excelsumque
665 363 829 430 caput
867 378 1045 430 penna
1075 364 1306 414 nutante
1347 362 1568 415 leuabat

229 433 413 488 Crista
450 435 667 488 rubens,
730 452 923 488 saeuus
963 453 1163 505 magno
1204 435 1269 489 de
1306 436 1526 489 nomine
1566 439 1743 490 terror

229 509 527 578 Praecedit,
567 508 833 578 Latioque
874 508 1041 562 micat
1080 510 1216 562 bene
1256 510 1507 581 cognitus
1549 509 1710 566 ensis,

233 583 312 636 At
349 585 540 637 contra
580 582 790 636 ardenti
828 583 1081 636 radiabat
1121 581 1303 654 Scipio
1344 601 1519 654 cocc0,
1820 596 1927 638 -395
1973 645 1975 648 ⁴

232 657 555 710 Terribilem
597 660 878 710 ostentans
919 657 1169 726 clipeum,
1210 676 1317 727 quo
1356 659 1528 727 patris
1570 660 1624 711 et
1663 676 1772 711 una

234 730 492 785 Caelarat
529 732 715 800 patrui
754 731 1012 801 spirantis
1053 731 1258 800 proelia
1298 731 1416 785 dira

231 804 483 875 Effigies3
524 805 803 859 flammam
840 805 1118 875 ingentem
1156 805 1307 859 frons
1347 807 1460 859 alta
1498 806 1772 859 uomebat.

235 879 345 933 Sub
386 882 543 933 tanta
583 881 788 934 cunctis
828 880 885 932 ui
923 880 1266 950 telorumque
1305 881 1605 949 uirumque,

233 953 300 1007 In
339 954 561 1008 ducibus
603 954 789 1007 stabat
830 972 951 1023 spes
993 957 1049 1007 et
1087 953 1319 1008 uictoria
1359 954 1508 1008 solis,
1839 965 1928 1007 400

235 1027 377 1090 Quin
418 1028 600 1097 etiam,
637 1028 797 1081 fauor
836 1031 898 1080 ut
937 1027 1145 1098 subigit
1183 1029 1471 1098 plerosque
1511 1029 1772 1096 metusue,

239 1101 419 1171 Scipio
463 1102 509 1154 si
548 1101 768 1170 Libycis
809 1104 951 1154 esset
989 1105 1279 1172 generatus
1320 1103 1378 1154 in
1418 1101 1543 1172 oris,

235 1174 462 1246 Sceptra
504 1175 570 1228 ad
609 1173 927 1246 Agenoreos
971 1175 1195 1228 credunt
1225 1178 1455 1228 uentura
1493 1177 1738 1244 nepotes-

233 1249 514 1303 Hannibal
554 1250 797 1302 Ausonia
836 1249 1051 1319 genitus
1091 1249 1138 1302 si
1177 1249 1302 1302 sede
1340 1248 1551 1318 fuisset,

234 1323 397 1377 Haud
437 1323 690 1376 dubitant
727 1326 903 1376 terras
942 1322 1085 1376 Itala
1123 1323 1179 1375 in
1219 1323 1423 1376 ditione
1462 1323 1690 1376 futuras,
1840 1334 1928 1376 405

314 1396 705 1451 Contremuere
746 1415 923 1462 aurae,
963 1397 1154 1467 rapido
1194 1397 1536 1450 uibrantibus
1575 1396 1751 1450 hastis

236 1470 488 1540 Turbine,
531 1474 585 1524 et
624 1471 934 1525 horrificam
974 1475 1188 1524 traxere
1229 1489 1328 1541 per
1367 1471 1586 1524 aethera
1622 1469 1838 1524 nubem.

234 1546 368 1598 Inde
409 1546 551 1599 ensis
591 1545 918 1615 propiorque
960 1545 1102 1598 acies
1144 1548 1199 1598 et
1238 1545 1539 1598 comminus
1580 1562 1676 1597 ora

232 1620 472 1673 Admota
512 1637 574 1673 ac
615 1619 731 1672 dira
770 1619 1060 1689 flagrantia
1097 1619 1303 1672 lumina
1340 1619 1575 1672 flamma.

239 1693 512 1747 Sternitur
551 1694 610 1745 in
648 1693 885 1746 medium
925 1693 1290 1762 contemptrix
1327 1694 1490 1746 turba
1528 1691 1731 1762 pericli,
1843 1704 1932 1746 410

239 1767 387 1830 Quae
426 1768 618 1836 primis
659 1786 715 1821 se
755 1768 1108 1836 praecipitem
1147 1767 1276 1819 tulit
1317 1766 1480 1819 obuia
1526 1765 1664 1835 telis,

238 1840 617 1910 Gentilemque
658 1841 799 1894 bibit
838 1841 1002 1893 tellus
1042 1840 1217 1893 inuita
1256 1858 1515 1893 cruorem.

237 1914 499 1968 Feruidus
538 1916 744 1985 ingenii
783 1914 1073 1967 Masinissa
1112 1918 1167 1966 et
1205 1913 1446 1966 feruidus
1489 1913 1609 1966 aeui

236 1988 302 2041 In
342 1989 545 2058 primas
585 1988 859 2041 Macetum
899 1991 1107 2040 turmas
1148 1987 1407 2040 immania
1445 1985 1690 2039 membra

238 2062 412 2115 Infert
451 2065 506 2115 et
545 2063 720 2115 iaculo
761 2062 1114 2115 circumuolat
1152 2061 1282 2114 alite
1323 2079 1586 2129 campum.
1842 2072 1929 2114 415

239 2135 503 2190 Caerulus
543 2135 688 2188 haud
728 2136 902 2203 aliter,
943 2154 1064 2189 cum
1104 2135 1341 2205 dimicat,
1378 2134 1556 2187 incola
1593 2133 1795 2203 Thyles

240 2210 480 2280 Agmina
518 2210 781 2280 falcigero
822 2210 1175 2263 circumuenit
1214 2212 1334 2262 arta
1373 2208 1620 2262 couinno.

241 2283 405 2338 Graia
444 2284 682 2354 phalanx
721 2284 903 2352 patrio
944 2284 1199 2336 densarat
1237 2300 1385 2335 more
1425 2284 1671 2336 cateruas

241 2358 550 2427 Iunctisque
592 2358 811 2411 astabat
849 2358 986 2410 nulli
1024 2356 1378 2427 penetrabilis
1417 2355 1607 2409 hastiS.

360 2492 447 2533 394
477 2486 642 2546 micat]
674 2488 812 2531 nutat
845 2491 916 2530 ΟΥ
1060 2491 1147 2531 399
1180 2486 1379 2545 cunctis]
1412 2485 1584 2530 iunctis
1618 2484 1843 2531 Schrader
1875 2509 1931 2517 —

241 2548 291 2592 ui
324 2551 395 2590 ΟΥ
440 2548 489 2591 in
520 2552 588 2589 LF
622 2572 676 2579 —
709 2547 1008 2602 uirorumque
1041 2550 1071 2589 Ο
1265 2550 1353 2590 410
1385 2546 1526 2590 turba
1555 2548 1594 2587 V
1637 2556 1798 2601 pugna
1823 2547 1930 2586 ‘Lro

240 2611 327 2651 412
360 2605 503 2664 bibit]
535 2605 660 2650 uidit
691 2609 762 2648 ΟΥ
787 2632 843 2638 -
867 2605 1035 2662 inuita,
1065 2608 1119 2650 ut
1149 2605 1266 2649 com'.
1291 2604 1551 2657 Liuineius,
1574 2607 1611 2645 V
1650 2601 1806 2647 inuisa
1827 2605 1930 2645 1.Ὲο

242 2670 328 2709 413
361 2665 560 2723 ingenii]
596 2663 779 2721 ingenti
804 2669 830 2707 S
892 2669 980 2708 414
1011 2664 1255 2709 macedum
1280 2667 1351 2707 ΟΥ
1378 2689 1432 2696 -
1457 2662 1622 2707 turbas
1647 2667 1689 2715 Β,
1719 2663 1798 2707 sed
1819 2662 1873 2706 in
1897 2664 1928 2704 0

242 2738 357 2769 corr.
392 2739 446 2768 ex
477 2725 655 2768 turmas
776 2728 863 2767 416
896 2723 1034 2768 aliter
1065 2723 1183 2768 deest
1212 2723 1265 2766 in
1290 2727 1320 2765 Ο
1353 2736 1409 2767 m.
1433 2725 1465 2767 2
1495 2723 1714 2766 insertum
1743 2721 1797 2765 in
1819 2723 1931 2762 V—

242 2782 364 2838 tyles
394 2788 428 2825 F
476 2783 585 2828 tiles
620 2786 690 2825 ΟΥ
735 2782 821 2827 tile
854 2788 886 2825 L
1007 2787 1094 2827 417
1126 2780 1352 2837 falcigero
1386 2786 1413 2824 8
1460 2780 1671 2825 falcifero
1702 2779 1842 2836 emlqo
1874 2804 1930 2811 -
1977 2799 1979 2803 ⁴

243 2841 427 2885 comino
469 2846 499 2884 Ο
681 2846 767 2885 419
807 2841 1078 2897 lunctisque
1117 2854 1201 2885 scr.
1241 2839 1525 2895 Inuictisque
1566 2837 1751 2883 astabat
1779 2842 1812 2880 1.
1857 2836 1931 2881 In-

244 2899 494 2955 uictusque
536 2901 631 2956 (scd
669 2900 684 2943 i
724 2905 976 2958 suprascr.)
1021 2900 1243 2944 hastabat
1280 2905 1315 2942 F
1368 2898 1624 2954 Inuitisque
1671 2895 1858 2942 astabat
1898 2899 1929 2939 Ο
1972 2903 1988 2949 ’ζ

245 2957 537 3015 Immitisque
570 2959 762 3018 astabat
792 2965 829 3003 Υ
860 2961 956 3015 (sed
985 2960 1016 3004 i.
1041 2972 1183 3017 marq.
1211 2973 1267 3004 m.
1292 2962 1325 3005 2
1357 2956 1572 3014 Inuictis)
1973 2956 1988 2987 ³³
