1982 3224
207 112 241 165 2
885 113 998 158 SILI
1028 113 1252 160 ITALICI

214 247 580 317 Thespiadum
621 249 806 302 docuit
846 249 1162 302 submittere
1203 249 1342 303 colla
1379 252 1620 319 nepotes,

212 320 363 374 Idem
404 322 567 375 etiam
607 321 807 376 Locros
848 323 1040 376 habuit
1077 323 1243 377 furor.
1283 341 1379 376 ora
1417 323 1608 377 uadosi
1847 338 1905 379 2ο

212 394 431 462 Litoris,
472 395 706 466 Argiuos
749 398 921 450 maior
960 415 1066 466 qua
1105 396 1330 450 Graecia
1368 415 1552 451 muros

213 467 405 522 Seruat
445 473 499 522 et
537 469 691 523 Ionio
732 471 900 523 luitur
939 474 1162 524 curuata
1199 471 1485 541 profundO,

210 546 407 599 Laetas
447 564 533 599 res
573 546 776 616 Libyae
817 549 871 599 et
910 546 1187 599 fortunam
1226 546 1285 598 in
1323 544 1499 598 Marte
1540 548 1738 614 secuta,

210 620 421 674 Iurauit
459 620 712 689 pauitans
751 620 917 690 Tyrio
958 639 1056 674 sua
1095 620 1303 689 proelia
1341 618 1523 672 Marti.

210 693 328 747 Iam
367 713 512 764 uero,
550 693 780 747 Eridani
818 694 1214 748 tumidissimus
1254 694 1450 762 accola,
1491 690 1677 745 Celtae
1845 706 1901 746 25

209 768 503 822 Incubuere
543 768 702 821 malis
741 766 941 821 Italum
981 772 1296 838 ueteresque
1335 766 1537 820 doloris

212 842 354 896 Tota
394 861 449 895 se
490 842 664 895 socios
704 846 1065 912 properarunt
1104 843 1327 913 iungere
1366 841 1523 893 mole.

287 914 390 969 Sed
429 916 513 969 fas
551 916 607 968 id
649 913 835 986 Celtis,
875 916 959 969 fas
998 916 1168 986 impia
1206 916 1351 969 bella
1389 914 1590 968 referre

210 990 467 1044 Boiorum
506 989 670 1042 fuerit
707 991 947 1060 populis:
1011 989 1296 1060 Capuaene
1335 988 1591 1057 furorem,
1845 1001 1902 1042 29

211 1063 380 1126 Quem
424 1062 698 1116 Senonum
738 1065 912 1134 genti,
950 1065 1239 1134 placuisse,
1281 1067 1335 1116 et
1372 1062 1629 1115 Dardana
1668 1062 1735 1115 ab
1777 1064 1901 1115 ortu

210 1137 429 1191 Moenia
467 1138 751 1191 barbarico
791 1137 1100 1191 Nomadum
1142 1137 1348 1192 sociata
1386 1139 1621 1206 tyranno

212 1212 488 1278 Quisnam,
529 1215 739 1264 mutato
779 1215 996 1265 tantum
1033 1230 1175 1265 nunc
1215 1215 1474 1281 tempore,
1514 1209 1737 1264 credat?

208 1285 393 1338 Luxus
435 1289 490 1338 et
527 1285 734 1338 insanis
774 1286 981 1340 nutrita
1018 1286 1241 1356 ignauia
1278 1285 1467 1338 lustris

210 1357 682 1428 Consumptusque
722 1360 895 1428 pudor
933 1360 1203 1429 peccando
1242 1359 1469 1427 unisque
1507 1357 1730 1411 relictus

207 1432 431 1485 Diuitiis
471 1434 767 1501 probrosus
806 1434 983 1487 honor
1022 1434 1300 1487 lacerabat
1338 1433 1580 1485 hiantem
1842 1445 1899 1485 36

209 1505 432 1560 Desidia
470 1507 732 1576 populum
773 1526 835 1561 ac
874 1508 1170 1561 resolutam
1211 1507 1425 1578 legibus
1465 1505 1668 1559 urbem.

207 1580 435 1650 Insuper
475 1580 640 1634 exitio
680 1582 991 1635 truculenta
1031 1581 1286 1651 superbia
1330 1581 1544 1651 agebat.

209 1653 325 1707 Nec
364 1654 516 1707 uitiis
557 1655 779 1708 deerant
817 1657 977 1709 uires.
1015 1674 1125 1710 non
1164 1655 1369 1726 largior
1406 1653 1507 1708 ulli

209 1729 484 1781 Ausoniae
523 1730 723 1796 populo
768 1759 831 1768 —
876 1730 951 1782 sic
990 1733 1107 1782 tum
1146 1728 1391 1782 Fortuna
1428 1726 1653 1781 fouebat
1692 1756 1762 1764 —

207 1801 449 1871 Aurique
490 1803 809 1872 argentique
850 1803 1063 1872 modus;
1104 1802 1407 1856 madefacta
1444 1818 1651 1854 ueneno
1840 1814 1899 1854 40

206 1875 439 1943 Assyrio
479 1875 719 1929 manicas
758 1877 928 1929 uestis
968 1876 1253 1946 medioque
1293 1876 1502 1929 dierum

205 1948 439 2018 Regales
480 1949 670 2018 epulae
712 1953 875 2019 atque
916 1953 1038 2003 ortu
1079 1950 1330 2004 conuiuia
1370 1950 1503 2004 solis

205 2020 486 2090 Deprensa
526 2027 579 2074 et
616 2023 767 2075 nulla
807 2024 1018 2077 macula
1057 2043 1167 2077 non
1198 2024 1341 2076 illita
1382 2025 1510 2077 uita.

324 2216 378 2254 22
411 2210 588 2255 lauitur
626 2211 873 2257 Liuineius
912 2216 953 2257 et
982 2213 1232 2258 Burmann
1412 2218 1467 2257 23
1506 2212 1558 2257 in
1588 2213 1738 2257 marte
1771 2217 1798 2255 8
1844 2212 1893 2257 111

204 2271 353 2314 morte
388 2271 582 2315 Marsus
621 2284 777 2315 errore
818 2272 883 2316 ed.
915 2271 1065 2318 Basil.
1101 2275 1225 2318 1522
1265 2273 1471 2330 aliaeque
1511 2286 1536 2316 e
1574 2285 1702 2316 more
1739 2271 1895 2317 Barth

204 2332 259 2373 26
290 2328 462 2372 Italum
488 2334 560 2372 cm
583 2330 676 2386 Ep.
701 2333 761 2373 13
786 2335 811 2373 8
859 2330 1033 2375 iterum
1063 2333 1204 2390 uulyo
1326 2335 1382 2375 28
1414 2333 1486 2374 fas
1519 2329 1584 2373 sit
1613 2330 1680 2376 ed.
1705 2329 1839 2375 Rom.
1863 2335 1891 2375 1

204 2389 409 2445 aliaeque
433 2390 565 2444 prob.
589 2389 800 2443 Heinsio,
832 2391 913 2446 qui
944 2395 985 2435 et
1011 2391 1097 2447 fas,
1121 2389 1196 2447 Di,
1222 2390 1270 2436 C,
1296 2392 1411 2435 coni.
1505 2394 1561 2434 29
1594 2401 1831 2446 capuaeue
1854 2391 1912 2431 V-

203 2451 257 2490 31
293 2447 558 2490 Nomadum
589 2448 816 2493 Heinsius
847 2453 889 2493 et
920 2449 1103 2494 Gronov
1136 2450 1341 2494 nondum
1374 2454 1399 2492 s
1446 2448 1541 2493 iam
1570 2451 1673 2493 tum
1700 2449 1894 2493 Marsus

200 2519 454 2561 numquam
493 2507 567 2551 uel
605 2508 793 2551 tandem
828 2508 914 2552 alii
953 2508 1139 2552 demum
1172 2510 1323 2554 Barth
1533 2511 1588 2552 32
1631 2506 1888 2564 Quisquam

202 2565 448 2609 Liuineius
490 2565 615 2621 Quia
648 2566 738 2609 nisi
770 2581 829 2610 m.
863 2566 1064 2623 Ruperti
1087 2593 1143 2600 —
1168 2567 1357 2611 imitato
1388 2572 1421 2610 1.
1514 2571 1572 2612 34
1595 2565 1792 2621 imisque
1819 2569 1891 2608 ov

202 2628 257 2667 36
291 2623 475 2668 Desiria
506 2628 543 2665 V
589 2625 659 2668 De
693 2624 829 2682 Syria.
862 2629 893 2668 0
1075 2630 1130 2670 38
1163 2627 1331 2670 derant
1360 2631 1394 2669 F
1436 2629 1511 2680 (ut
1539 2626 1722 2682 saepms
1752 2624 1812 2680 ef.
1842 2638 1889 2670 u.

202 2685 277 2735 50,
304 2682 446 2725 XVI.
473 2686 533 2726 32
555 2687 655 2739 ete.)
692 2710 745 2716 —
778 2683 962 2741 longior
993 2690 1030 2727 V
1170 2690 1225 2729 41
1259 2685 1468 2730 manicas
1501 2683 1702 2740 Ruperti
1738 2681 1891 2727 mani·

202 2740 288 2784 bus
339 2745 365 2783 S
426 2741 633 2787 maribus
677 2743 860 2788 Gronov
899 2748 940 2788 et
976 2744 1170 2802 Bentley
1215 2743 1418 2789 madidis
1459 2744 1611 2788 Barth
1671 2741 1767 2786 iam
1814 2739 1889 2785 bis

200 2799 424 2844 Heinsius
544 2805 600 2844 43
633 2801 752 2844 nulli
784 2803 1015 2846 maculam
1049 2802 1273 2848 Heinsius
1319 2802 1439 2847 nulli
1474 2799 1671 2845 maculis
1713 2799 1898 2854 Withof

200 2883 255 2891 —
281 2857 406 2902 illita
435 2863 467 2900 1.
514 2857 653 2903 inlita
682 2865 755 2903 Fv
802 2860 968 2905 inclita
999 2866 1030 2905 0
1077 2861 1258 2917 inclyta
1289 2867 1348 2904 ch
1380 2887 1435 2895 -
1462 2865 1570 2917 post
1598 2861 1640 2906 h.
1671 2873 1719 2904 w.
1743 2859 1888 2904 inseri

200 2918 304 2962 uult
335 2917 489 2961 Barth
520 2931 599 2962 nu.
629 2923 806 2964 51—54
832 2921 992 2977 probb.
1027 2920 1251 2976 Lesebure
1281 2922 1472 2977 aliisque
