1988 3190
621 113 980 160 PUNICORUM
1009 113 1191 168 LIBER
1227 113 1348 159 XVI.
1717 111 1826 165 143

133 250 308 305 Multa
347 250 466 304 uiro
506 254 651 304 terra
691 269 752 304 ac
793 251 1007 319 sonipes
1048 253 1102 302 et
1140 249 1313 316 belua,
1352 251 1527 301 terror

133 324 428 395 Bellorum,
465 343 563 378 nec
602 342 712 378 non
748 323 916 377 Marti
955 324 1163 377 delecta
1199 324 1465 375 iuuentus,

134 396 252 453 Nec
282 397 440 468 foret,
474 402 569 452 aut
600 399 762 452 ebore
795 400 889 451 aut
928 397 1099 451 solido
1132 397 1223 466 qui
1254 396 1493 450 uinceret
1526 414 1657 449 auro
1737 410 1822 450 175

135 471 452 526 Gaetulisue
491 471 667 542 magis
704 472 916 526 fucaret
953 472 1127 524 uellus
1169 470 1334 525 aenis.

131 545 247 598 Has
288 546 579 616 adiungere
619 564 750 615 opes
791 545 982 599 auidus
1021 549 1384 614 reputansque
1422 544 1679 614 laborem,

136 618 194 673 Si
232 623 414 673 uertat
451 638 546 672 rex
586 619 655 672 ad
693 619 930 688 PoenOS‚
968 619 1093 672 dare
1133 618 1256 672 uela
1293 636 1393 688 per
1432 618 1602 671 altum

132 693 373 763 Imperat
412 696 575 763 atque
617 694 795 746 animo
842 694 952 746 iam
999 697 1116 746 tum
1155 691 1342 745 Africa
1380 692 1528 745 bella
1567 692 1821 761 capessit.

134 765 335 820 Uerum
377 767 470 821 ubi
506 770 844 836 peruentum,
885 770 938 820 et
976 770 1166 836 portus
1205 768 1427 819 tenuere
1466 765 1696 835 carinae,
1735 780 1818 820 180

131 840 265 911 Iam,
303 841 516 911 trepida
554 841 768 911 fugiens
808 859 903 910 per
941 840 1190 911 proxima
1229 839 1394 892 litora
1432 858 1626 910 puppe,

129 914 444 968 Hasdrubal
484 914 701 968 afflictis
741 915 928 968 aderat
966 933 1110 968 noua
1148 913 1367 967 foedera
1406 931 1669 982 quaerens

129 988 313 1041 Rebus
353 992 408 1042 et
448 988 516 1042 ad
555 988 748 1058 Tyrios
787 988 1055 1057 Massylia
1095 988 1250 1058 signa
1287 986 1559 1040 trahebat.

202 1061 406 1116 Audito
445 1063 651 1132 pariter
689 1063 1014 1132 populorum
1053 1062 1111 1114 in
1148 1078 1316 1131 regna
1356 1061 1582 1114 duorum

129 1136 431 1189 Aduenisse
472 1136 650 1203 duces,
692 1137 784 1205 qui
821 1139 942 1190 tota
982 1136 1125 1188 mole
1164 1136 1418 1188 laborent
1733 1148 1818 1188 185

128 1209 554 1279 Disceptentque
596 1210 775 1279 armiS‚
812 1212 1082 1263 terrarum
1121 1212 1244 1262 uter
1282 1209 1514 1277 imperet
1554 1209 1689 1277 orbi,

130 1281 318 1336 Celsus
357 1287 538 1336 mente
579 1282 796 1354 Syphax
835 1283 996 1337 acciri
1034 1283 1092 1335 in
1131 1285 1276 1335 tecta
1316 1283 1549 1352 benigne

129 1355 371 1426 Imperat
411 1360 466 1410 et
504 1361 658 1411 tanto
699 1358 852 1426 regni
891 1375 946 1409 se
985 1356 1134 1409 tollit
1171 1357 1390 1409 honore.

128 1429 265 1483 Tum
305 1431 477 1484 laetos
517 1431 746 1484 uoluens
787 1431 971 1484 oculos
1013 1430 1236 1483 aduersa
1274 1447 1371 1499 per
1411 1447 1521 1498 ora,

131 1503 219 1557 Sic
249 1503 467 1557 Latium
500 1504 698 1557 affatur
729 1505 978 1567 iuuenem
1011 1522 1073 1556 ac
1105 1504 1251 1572 prior
1283 1502 1476 1572 incipit
1508 1504 1677 1556 ultro:
1733 1516 1818 1557 190

130 1575 329 1639 ‘Quam
369 1582 440 1647 te,
477 1577 787 1630 Dardanide
825 1576 1199 1648 pulcherrime,
1238 1579 1418 1629 mente
1460 1594 1647 1629 serena

129 1650 355 1720 Accipio
395 1651 715 1721 intueorque
755 1652 954 1704 libens!
994 1669 1263 1720 quamque
1304 1668 1399 1703 ora
1438 1651 1691 1703 recordor

127 1723 329 1777 Laetus
372 1723 674 1794 Scipiadae!
730 1728 953 1779 reuocat
989 1731 1084 1777 tua
1121 1723 1297 1777 forma
1336 1726 1634 1793 parentem.

127 1797 270 1851 Nam
311 1801 512 1868 repet0,
552 1798 847 1852 Herculeas
888 1797 1117 1867 Erythia
1156 1798 1222 1851 ad
1262 1798 1425 1850 litora
1467 1795 1643 1850 Gades

129 1869 265 1924 Cum
307 1872 483 1925 studio
523 1873 705 1942 pelagi
747 1875 800 1925 et
839 1871 1144 1942 spectandis
1186 1871 1425 1924 aestibus
1466 1871 1640 1924 undae
1730 1885 1814 1925 195

128 1943 431 2014 Uenissem‚
471 1964 700 2016 magnos
740 1946 920 1999 uicina
960 1946 1028 1999 ad
1066 1945 1289 1998 flumina
1328 1943 1514 1997 Baetis

131 2017 392 2071 Ductores
433 2019 569 2072 miro
612 2019 844 2089 quodam
884 2038 968 2072 me
1009 2037 1223 2072 cernere
1262 2037 1459 2071 amore.

129 2090 265 2144 Tum
305 2091 440 2144 mihi
481 2092 620 2145 dona
659 2093 764 2146 uiri
803 2093 1005 2163 praeda
1044 2091 1252 2145 delecta·
1289 2093 1477 2161 tulere,

126 2162 296 2216 Arma
336 2165 497 2218 simul
537 2184 811 2236 regnoque
851 2185 971 2220 meo
1011 2169 1129 2218 tum
1170 2166 1392 2234 cognita
1430 2165 1664 2234 primum

129 2235 490 2306 Cornipedum
528 2238 681 2292 frena
721 2243 881 2309 atque
922 2257 1089 2307 arcuS,
1130 2238 1247 2307 quis
1281 2238 1466 2291 cedere
1497 2243 1687 2291 nostra
1726 2253 1813 2292 200

128 2307 285 2362 Nunc
323 2314 523 2363 norunt
561 2312 752 2381 iacula,
792 2317 846 2365 et
885 2313 1083 2365 ueteris
1122 2311 1359 2364 tribuere
1399 2312 1693 2381 magistros

249 2442 334 2482 175
366 2439 505 2497 foret]
541 2439 632 2484 fuit
662 2440 910 2486 Liuineius
938 2466 991 2473 —
1009 2440 1108 2484 Nec
1139 2441 1278 2485 tereti
1309 2442 1391 2484 aut
1423 2441 1562 2485 ebore
1588 2440 1814 2486 Heinsius

130 2500 212 2540 176
248 2497 376 2540 aenis
408 2501 466 2540 ed
491 2499 568 2552 (ef.
606 2498 713 2543 VII.
741 2502 853 2554 642)
950 2504 1033 2543 179
1065 2499 1223 2543 Africa
1250 2504 1321 2542 cm
1345 2499 1436 2556 Ep.
1463 2504 1521 2544 19
1618 2505 1702 2544 190
1735 2501 1809 2559 ac]

129 2555 176 2598 et
206 2559 238 2596 1.
371 2560 452 2599 191
487 2556 741 2602 dardanide
775 2562 800 2599 S
846 2557 1115 2602 Dardanide.
1146 2559 1286 2615 uulgo
1410 2562 1494 2601 194
1528 2558 1712 2615 erythia
1742 2564 1810 2602 LE

128 2612 304 2657 erichia
345 2617 416 2656 ov
469 2613 700 2671 Erythrea
750 2616 824 2659 uel
869 2616 1130 2672 Erythraea
1173 2618 1312 2672 uulqo
1366 2615 1560 2661 Erithea
1606 2617 1812 2674 Scaliyer

129 2675 212 2716 196
244 2671 397 2716 baetis
421 2677 490 2715 FO
524 2673 644 2718 betis
668 2679 700 2716 1.
732 2673 887 2718 bethis
912 2678 949 2716 V
976 2675 1053 2730 (cf.
1083 2674 1194 2719 XV.
1222 2679 1334 2730 750)
1408 2679 1492 2720 197
1518 2676 1718 2731 quodam
1742 2681 1812 2719 LI?

126 2731 358 2785 quondam
394 2735 462 2773 ov
540 2736 625 2776 200
658 2731 963 2789 Cornipedem
996 2738 1021 2775 8
1099 2737 1183 2777 201
1217 2734 1352 2777 Nunc
1382 2738 1554 2778 norunt
1585 2734 1811 2780 Schrader

125 2787 231 2833 Non
261 2792 432 2834 norunt
464 2795 489 2833 8
532 2790 638 2835 Non
668 2791 821 2836 nolint
856 2790 1039 2836 Gronov
1084 2792 1184 2835 Iam
1215 2792 1290 2837 uel
1320 2791 1437 2836 Tum
1470 2795 1640 2837 norant
1670 2794 1810 2839 Blass

126 2871 183 2880 —
217 2848 298 2904 qui
336 2848 500 2892 cedere
539 2852 697 2894 nostro
736 2850 842 2895 Non
879 2851 1036 2894 norint
1073 2850 1225 2895 iaculo
1258 2850 1484 2896 Heinsius
1532 2852 1612 2909 qui
1645 2854 1807 2897 cedere

126 2906 299 2951 nostris
331 2905 438 2951 Non
468 2908 625 2953 norint
654 2908 818 2953 iaculis
850 2909 1072 2965 Lefebure
