1988 3190
615 161 978 208 PuniconuM
1007 161 1191 206 LIBER
1215 161 1315 208 XII.
1743 157 1818 214 49

127 299 269 354 Cede
309 300 422 353 deis
460 299 686 352 tandem
726 302 781 352 et
818 298 1037 351 Titania
1076 298 1259 352 desine
1298 296 1475 351 bella.'
1729 311 1815 352 725

129 374 218 429 Sic
257 374 426 428 affata
462 374 644 427 uirum
681 372 969 426 indocilem
1008 373 1265 444 pacisque
1304 373 1576 443 modique,

125 448 419 501 Mirantem
459 466 714 517 superum
751 447 936 500 uultus
978 450 1032 500 et
1069 448 1322 500 flammea
1360 447 1620 517 membra,

125 521 417 577 Abstrahit
456 540 518 575 ac
555 539 745 591 pacem
775 521 936 574 terris
977 522 1231 591 caeloque
1271 522 1500 590 reponit.

200 596 535 667 Respectans
576 595 693 648 abit
732 598 788 648 et
827 595 1019 648 castris
1059 597 1249 648 auulsa
1287 596 1495 648 moueri

130 669 300 741 Signa
335 671 488 723 iubet
526 669 716 722 ductor
752 672 1222 739 remeaturumque
1261 669 1515 724 minatur.
1729 683 1814 722 730

128 744 394 797 Redditur
434 744 705 813 extemplo
745 743 1068 812 flagrantior
1107 743 1326 796 aethere
1366 744 1593 813 lampaS‚

128 818 205 872 Et
241 818 477 871 tremula
515 817 695 870 infuso
734 817 1082 886 resplendent
1119 818 1333 871 caerula
1369 815 1608 871 Phoebo.

128 890 208 945 At
245 892 437 962 procul
476 909 504 944 e
543 891 713 944 muris
752 891 936 944 uidere
974 894 1036 943 ut
1075 891 1234 962 signa
1271 892 1464 944 reuelli

130 966 414 1019 Aeneadae
454 983 778 1034 uersumque
819 965 1022 1034 ducem,
1060 967 1230 1019 tacita
1269 983 1365 1019 ora
1402 965 1646 1018 uicissim

132 1039 426 1093 Ostentant
460 1043 701 1108 nutuque
742 1039 950 1109 docent,
990 1039 1132 1108 quod
1171 1039 1388 1093 credere
1426 1057 1628 1111 magno
1735 1052 1820 1092 735

132 1112 262 1167 Non
301 1113 500 1167 audent
537 1113 793 1166 haerente
833 1115 1003 1181 metu3
1041 1131 1140 1167 nec
1180 1113 1329 1166 abire
1367 1113 1619 1180 uolentis

133 1186 238 1240 Sed
275 1187 522 1240 fraudem
560 1186 892 1257 insidiasque
929 1190 1125 1256 putant
1165 1191 1220 1240 et
1257 1186 1464 1241 Punica
1502 1187 1687 1257 corda,

132 1261 215 1314 Ac
252 1261 451 1315 tacitae
488 1261 633 1314 natis
672 1261 907 1330 infigunt
946 1262 1132 1314 oscula
1170 1265 1395 1315 matres:

133 1334 319 1389 Donec
357 1335 650 1404 procedens
690 1335 861 1388 oculis
902 1353 1019 1388 sese
1059 1336 1288 1389 abstulit
1327 1354 1523 1407 agmen

134 1407 530 1479 Suspectosque
570 1409 722 1462 dolos
764 1409 983 1478 dempto
1023 1412 1230 1463 terrore
1269 1410 1512 1463 resoluit.
1736 1422 1822 1462 740

136 1483 276 1535 Tum
313 1501 443 1536 uero
482 1483 688 1551 passim
729 1501 882 1536 sacra
920 1483 978 1534 in
1010 1482 1283 1552 Capitolia
1322 1486 1557 1554 pergunt

135 1557 307 1625 Inque
346 1557 519 1609 uicem
560 1557 792 1624 amplexi
832 1555 1104 1624 permixta
1141 1575 1274 1611 uoce
1312 1557 1649 1626 triumphum

138 1630 358 1699 Tarpeii
397 1630 635 1683 clamant
672 1629 818 1682 Iouis
861 1648 923 1682 ac
962 1630 1186 1683 delubra
1226 1635 1502 1684 coronant.

138 1703 365 1773 Iamque
404 1704 581 1756 omnis
619 1703 865 1773 pandunt
902 1706 1114 1774 portas3
1165 1704 1275 1757 ruit
1321 1705 1555 1775 undique
1602 1705 1826 1773 laetum,

137 1776 265 1831 Non
305 1780 521 1846 sperata
559 1780 748 1846 petens
788 1777 988 1830 dudum
1028 1778 1135 1830 sibi
1175 1779 1388 1849 gaudia,
1425 1780 1638 1849 uulgus,
1738 1793 1824 1833 745

139 1851 215 1904 Hi
254 1854 518 1920 spectant,
558 1869 664 1920 quo
702 1851 810 1903 fixa
847 1851 968 1904 loco
1008 1852 1246 1905 tentoria
1284 1854 1431 1924 regis

140 1925 458 1995 Astiterint3
495 1925 567 1994 hi,
608 1943 714 1994 qua
753 1925 1027 1994 celsuslde
1066 1926 1190 1978 sede
1230 1930 1453 1980 uocatas

139 1997 355 2052 Affatus
394 1998 560 2051 fuerit
596 2002 829 2068 turmas3
867 1999 963 2051 ubi
1001 1999 1232 2070 belliger
1268 1999 1441 2054 Astur

140 2073 324 2142 Atque
341 2072 436 2125 ubi
454 2075 609 2126 atrox
629 2072 892 2126 Garamas
912 2091 1208 2143 saeuusque
1232 2075 1522 2127 tetenderit
1537 2074 1827 2129 Hammon.

143 2145 387 2216 Corpora
423 2164 567 2199 nunc
605 2146 734 2199 uiua
774 2149 1108 2217 sparguntur
1145 2148 1380 2218 gurgitis
1420 2149 1587 2219 unda3
1740 2161 1827 2203 750

141 2218 302 2273 Nunc
341 2220 674 2273 Anienicolis
716 2223 963 2272 statuunt
1002 2221 1197 2273 altaria
1235 2223 1506 2291 nymphis,

142 2293 283 2346 Tum
320 2294 518 2347 festam
556 2296 826 2362 repetunt,
863 2294 1111 2348 lustratis
1150 2296 1450 2366 moenibUS‚
1487 2296 1692 2349 urbem.

267 2486 351 2525 726
385 2481 528 2526 affata
561 2487 587 2524 s
636 2480 778 2526 effata
806 2484 947 2539 uulyo
1070 2487 1155 2527 735
1186 2485 1394 2539 nutuque
1427 2488 1499 2527 ov
1544 2485 1764 2541 metuque
1795 2491 1830 2529 Ι,

146 2540 416 2595 uictumque
455 2545 490 2583 r
642 2546 727 2585 736
769 2540 973 2584 uolentis
1006 2546 1066 2584 eh
1110 2542 1324 2587 uolentes
1357 2547 1387 2586 0
1540 2547 1625 2588 737
1669 2545 1829 2604 corda]

149 2601 319 2656 coepta
352 2599 579 2644 Schrader
732 2603 816 2643 738
852 2602 918 2643 Ac
950 2604 1023 2642 ov
1066 2599 1131 2644 At
1160 2605 1228 2643 ΒΕ
1384 2607 1468 2646 ’143
1502 2605 1728 2648 coronant
1758 2609 1833 2647 cm

147 2659 241 2717 Ep.
266 2663 327 2704 38
389 2662 474 2702 749
506 2658 739 2702 Hammon
765 2657 958 2703 Marsus
990 2659 1161 2715 aliique
1198 2660 1402 2706 Hannon
1427 2665 1596 2704 chLFO
1628 2676 1770 2708 amon
1792 2668 1832 2706 V

240 3048 375 3083 Saros
398 3050 604 3086 Iuncus,
634 3051 686 3086 11.
1449 3049 1478 3090 4
