1982 3224
747 138 1112 184 PRAEFATIO.
1702 137 1789 180 VII

89 298 190 333 nos
230 279 499 346 Mariany.
539 276 750 329 Accurs.
789 276 861 329 ad
897 275 1093 328 Auson.
1133 274 1235 342 Ep.
1279 273 1341 326 X
1375 276 1409 326 5
1447 273 1515 342 (v.
1548 273 1786 327 Draken-

90 353 240 408 borch
278 354 350 405 ad
384 352 432 404 h.
473 350 532 410 Ζ.)
756 350 868 402 414
909 350 940 402 Ζ.
981 350 1270 402 conectunt
1298 365 1401 415 pro
1441 350 1785 414 conuertunt3

93 428 231 482 illud
265 430 390 479 reete
428 425 653 492 defendit
686 423 943 490 Rofisbacli
1100 423 1225 476 479.
1267 422 1338 475 80
1377 421 1460 476 hic
1500 423 1638 475 locus
1675 439 1794 475 cum

93 500 396 568 Dausqueio
426 500 500 552 sic
528 499 896 552 restimendus:
938 494 1146 550 Cuncta
1170 528 1243 534 —
1267 498 1411 549 tecta
1442 494 1792 565 Aequaeuam

93 575 324 645 glaciem
365 571 470 644 (uel
507 590 622 626 cum
661 572 920 625 Barthio:
962 571 1207 639 Aequam
1249 571 1368 622 aeui
1410 568 1667 640 glaciem)
1710 588 1794 622 co-

91 649 285 702 hibent
322 649 384 714 cf.
417 647 575 701 XIV
595 651 663 699 66
685 663 755 714 sq.
858 646 964 698 619
1006 645 1035 698 Ζ.
1069 646 1127 697 iii
1160 661 1277 712 app.
1320 643 1425 706 Qui
1466 645 1597 697 serit
1636 642 1794 696 LFV

96 723 202 776 677
242 740 370 775 nam
412 721 497 774 cui
537 721 679 774 dona
717 720 909 790 ignota
948 719 1053 787 dei,
1093 718 1322 788 uulgata
1359 737 1410 787 p.
1452 737 1498 771 o.
1544 717 1716 771 Thilo.

205 840 378 885 Liber
407 838 502 884 IV.
574 831 642 883 41
686 830 867 896 laetis]
909 829 1080 882 laetos
1127 829 1282 882 Thilo
1418 829 1488 881 59
1531 846 1794 897 quaecun-

99 924 202 976 que
243 908 503 958 uetantur
542 904 747 957 Hibero
794 903 949 956 Thilo
1170 903 1276 955 166
1319 904 1492 969 arma]
1535 921 1632 955 ora
1668 907 1795 956 recte

95 980 321 1047 defendit
360 979 516 1032 Thilo
676 978 784 1031 262
826 977 987 1030 Haud
1025 978 1214 1030 notum
1255 977 1435 1043 uultu]
1476 975 1638 1029 Haud
1685 994 1798 1029 mo-

96 1057 186 1108 tus
226 1054 385 1106 uultu
423 1052 679 1119 Rossbach
815 1051 925 1104 355
967 1052 1143 1117 sacra]
1186 1050 1302 1103 fera
1339 1055 1467 1104 reete
1504 1051 1601 1116 def.
1638 1050 1790 1104 Thilo

99 1128 206 1181 378
246 1127 646 1197 perfractaque]
694 1128 1045 1195 persectaque
1084 1124 1340 1191 Rossbach
1518 1124 1625 1178 451
1671 1125 1701 1177 Ζ.
1740 1125 1800 1177 in

101 1219 217 1272 app.
269 1201 506 1255 cecinere
557 1200 723 1253 tubae
769 1200 911 1252 Lens
955 1203 1000 1252 et
1038 1197 1202 1252 Bothe
1389 1198 1498 1252 453
1540 1198 1801 1265 Rossbach

101 1276 310 1330 conicit:
349 1274 424 1328 Et
454 1274 595 1327 libat
628 1292 789 1327 saeua
820 1273 1108 1326 traiectum
1141 1272 1360 1342 cuspide
1392 1275 1582 1342 pectus
1688 1273 1797 1326 481

100 1351 131 1404 Ζ.
172 1351 231 1402 iii
270 1367 388 1416 app.
429 1348 618 1401 afflata
655 1347 813 1414 rotis]
854 1346 1019 1400 radiis
1062 1346 1250 1400 afflata
1289 1364 1392 1400 van
1425 1347 1558 1401 Veen
1692 1346 1800 1400 652

103 1424 335 1476 sustinet
363 1440 466 1490 pro
507 1422 731 1475 sustulit
769 1425 895 1474 recte
933 1421 1030 1487 def.
1073 1421 1230 1474 Thilo
1368 1422 1473 1474 722
1515 1422 1546 1474 Ζ.
1586 1422 1645 1473 iii
1683 1438 1800 1488 app.

98 1497 371 1550 noscenda
392 1494 445 1548 V
484 1495 754 1549 nascenda
786 1494 937 1547 LFO
978 1499 1026 1547 et
1044 1499 1226 1561 postea
1263 1495 1396 1547 haec
1427 1495 1701 1548 noscenda
1734 1494 1803 1546 ad

102 1571 259 1623 Thilo
419 1570 527 1623 822
567 1571 696 1622 adde
732 1570 791 1621 iii
829 1586 948 1636 app.
986 1586 1219 1637 namque
1259 1586 1391 1636 paro
1434 1570 1609 1634 sacra]
1650 1587 1800 1621 nam-

102 1663 204 1714 que
245 1661 473 1712 operosa
513 1661 667 1695 sacra
704 1642 973 1709 Heinsius,
1012 1643 1148 1709 quod
1178 1641 1365 1709 probat
1407 1641 1576 1695 Thilo,

215 1762 386 1808 Liber
425 1762 492 1808 V.
579 1754 647 1806 18
697 1754 729 1806 Ζ.
768 1753 1048 1821 iuuenum,
1093 1754 1232 1820 quod
1265 1757 1392 1806 reete
1429 1753 1528 1819 def.
1571 1752 1728 1806 Thilo

104 1829 175 1882 49
217 1827 465 1894 Cautius]
508 1826 699 1880 Artius
737 1844 841 1879 van
876 1827 1007 1880 Veen
1142 1826 1215 1879 50
1253 1825 1544 1897 Fastigans
1581 1827 1802 1893 fortasse

104 1907 232 1955 recte
269 1901 367 1968 def.
405 1901 560 1954 Thilo
599 1901 662 1967 cf.
694 1901 830 1953 XII
853 1903 958 1956 356
1072 1900 1142 1953 65
1182 1899 1455 1954 Incertam
1494 1919 1598 1954 van
1624 1901 1755 1955 Veen

110 1977 212 2029 147
254 1975 560 2042 humentia]
603 1976 913 2043 spumantia
952 1973 1206 2028 Heinsius
1243 1979 1290 2027 et
1326 1992 1430 2028 van
1455 1975 1584 2030 Veeii
1695 1974 1804 2029 154

109 2050 139 2103 Ζ.
179 2050 238 2102 iii
277 2067 394 2118 app.
435 2049 567 2102 atris
609 2048 707 2102 Om
749 2049 779 2101 Ζ.
823 2049 852 2101 Ζ.
1024 2049 1125 2102 191
1170 2051 1231 2100 ut
1270 2049 1558 2116 pendente]
1599 2049 1804 2119 impen-

107 2125 267 2176 dente
305 2123 561 2176 Heinsius
600 2127 647 2175 et
680 2140 785 2175 van
821 2123 953 2175 Veen
1099 2122 1204 2175 192
1243 2121 1433 2175 Exiret
1471 2141 1574 2176 van
1601 2122 1732 2176 Veen

109 2198 221 2250 220
260 2197 483 2262 flauam]
526 2214 746 2249 saeuam
783 2197 866 2249 uel
906 2196 1130 2248 effusam
1168 2197 1303 2249 idem
1528 2197 1635 2250 238
1677 2197 1806 2250 adde

105 2272 166 2324 in
215 2287 332 2340 app.
386 2270 709 2339 geminaque
762 2271 994 2353 corusci]
1047 2269 1353 2340 geminique
1403 2289 1626 2324 corusca
1664 2270 1806 2336 Lese-

110 2345 232 2398 bure
422 2343 530 2396 250
570 2343 778 2412 regnis]
819 2344 1022 2412 campis
1062 2344 1129 2396 A.
1170 2343 1451 2411 Dryander
1490 2349 1537 2396 et
1576 2342 1732 2397 Thilo

110 2417 219 2470 298
261 2418 292 2469 Ζ.
335 2418 389 2469 in
428 2434 547 2484 app.
586 2418 776 2470 tollere
818 2416 916 2470 Cm
955 2418 1057 2487 Ep.
1090 2422 1158 2470 16
1283 2418 1391 2471 354
1433 2417 1669 2483 misisse]
1711 2418 1808 2470 im-

110 2490 324 2543 misisse
363 2489 617 2543 Heinsius
654 2495 701 2543 et
737 2508 840 2543 van
875 2491 1006 2544 Veeii
1195 2490 1302 2544 358
1343 2493 1518 2560 pater]
1560 2491 1706 2560 patri
1745 2491 1807 2544 ii-

111 2565 237 2633 dem,
273 2564 493 2629 fortasse
530 2568 657 2616 reete
793 2565 900 2619 363
943 2563 1225 2633 SynhaIUS,
1268 2563 1657 2617 Garamantica
1689 2583 1807 2633 pro-

115 2638 219 2705 les,
258 2636 330 2690 M.
370 2636 625 2702 Rossbach
828 2637 937 2691 365
975 2638 1317 2703 numerabat]
1370 2638 1668 2692 uenerabat
1705 2656 1809 2692 vavi

117 2710 248 2763 Veeii
398 2710 502 2762 401
546 2711 764 2775 tacitas]
806 2711 993 2763 faciles
1032 2729 1134 2764 van
1167 2712 1299 2764 Veen
1423 2712 1531 2765 463
1574 2712 1807 2781 Oeagrio

110 2785 245 2837 idem
367 2783 474 2836 471
517 2783 738 2836 relictus
777 2785 912 2837 idem
1048 2785 1157 2838 540
1198 2785 1229 2837 Ζ.
1269 2784 1547 2838 Fontanus
1700 2787 1808 2839 583

112 2857 367 2984 ξῗῖηὺία]
413 2858 651 2910 tacentia
689 2874 792 2911 van
826 2858 957 2911 Veen
1134 2859 1239 2912 601
1285 2862 1533 2928 seroque]
1575 2878 1808 2928 auroque

206 2949 223 2983 i
246 2948 288 2984 0.
