1988 3190
606 128 966 175 PUNICORUM
994 128 1177 174 LIBER
1206 129 1330 178 XIII.
1739 130 1809 185 67

123 265 367 337 Corpora
406 268 461 320 et
499 284 531 318 a
561 265 762 318 mensis
791 282 1089 335 exanguem
1112 264 1259 318 haud
1291 269 1508 334 separat
1540 267 1807 321 umbram.

121 341 406 396 Exhausto
445 339 684 392 instituit
720 338 925 392 Pontus
963 357 1195 392 uacuare
1235 341 1454 393 cerebro

122 415 234 469 Ora
269 414 449 468 uirum
487 416 544 468 et
581 413 807 483 longum
846 413 1115 466 medicata
1153 413 1370 483 reponit
1409 414 1468 466 in
1508 432 1720 469 aeuum.

123 489 277 559 Quid,
316 489 407 558 qui
445 488 659 541 reclusa
695 487 868 540 nudos
910 486 1269 540 Garamantes
1307 487 1513 541 harena

120 563 437 616 Infodiunt?
484 561 627 631 quid,
666 561 759 630 qui
798 578 959 613 saeuo
1001 561 1225 629 sepelire
1266 561 1536 631 profundo
1718 577 1808 618 480

117 636 417 690 Exanimos
456 635 719 688 mandant
755 633 974 703 Libycis
1013 632 1352 699 Nasamones
1392 635 1450 687 in
1489 636 1596 690 oris
1618 637 1646 690 ⁴?

118 710 198 764 At
237 709 425 764 Celtae
462 708 620 763 uacui
658 709 851 778 capitis
891 708 1222 762 circumdare
1263 709 1503 779 gaudent

120 783 273 855 Ossa,
309 783 482 852 nefaS,
521 801 653 836 auro
693 800 755 835 ac
793 782 996 835 mensis
1037 800 1100 835 ea
1137 783 1336 851 pocula
1375 788 1609 837 seruant.

120 856 447 926 Cecropidae
487 857 557 910 ob
596 857 831 925 patriam
869 856 1135 909 Mauortis
1176 859 1323 909 sorte
1361 862 1671 927 peremptos

117 932 419 985 Decreuere
460 931 622 984 simul
661 930 1036 984 communibus
1074 948 1229 983 urere
1267 930 1518 984 flammis.
1715 947 1803 987 485

117 1005 195 1059 At
234 1008 396 1075 gente
434 1005 492 1057 in
531 1003 788 1073 Scythica
827 1003 1020 1057 suffixa
1059 1003 1321 1057 cadauera
1359 1005 1566 1059 truncis

117 1079 291 1132 Lenta
329 1079 443 1132 dies
484 1079 692 1148 sepelit,
731 1077 879 1146 putri
918 1078 1184 1147 liquentia
1222 1077 1388 1131 tabo?

191 1152 347 1206 Talia
386 1152 512 1205 dum
553 1154 873 1216 memorant,
912 1151 1107 1204 umbra
1145 1154 1398 1204 ueniente
1438 1151 1693 1224 Sibyllae,

115 1225 392 1280 Autonoe:
433 1224 649 1279 ‘Finem
686 1224 810 1295 hic,'
850 1225 1043 1295 in‘quit,
1082 1224 1449 1278 esermonibus
1491 1227 1625 1280 adde

116 1299 372 1353 Alternis.
426 1300 575 1369 haec,
612 1300 748 1353 haec
786 1301 902 1352 ueri
941 1299 1174 1352 secunda
1214 1301 1490 1368 sacerdos3
1715 1316 1803 1356 490

117 1372 217 1428 Oui
255 1377 471 1427 tantum
510 1373 691 1442 patuit
729 1391 926 1442 rerum,
966 1376 1224 1443 quantum
1265 1373 1383 1441 ipse
1421 1375 1636 1444 negarit

113 1446 244 1500 Plus
282 1447 501 1500 nouisse
541 1447 686 1500 deus.
748 1465 833 1500 me
872 1447 982 1499 iam
1023 1446 1318 1500 comitante
1356 1449 1576 1500 tuorum

114 1521 347 1589 Tempus
388 1521 536 1573 abire
575 1520 740 1590 globo
782 1524 836 1573 ct
873 1520 1104 1589 pecudes
1141 1520 1418 1590 imponere
1457 1520 1726 1576 flammis.'

187 1593 266 1646 At
306 1593 533 1665 grauida
573 1594 783 1647 arcanis
823 1591 1018 1662 Cymes
1059 1611 1192 1646 anus
1234 1594 1421 1664 attigit
1460 1611 1551 1647 ore

112 1667 412 1737 Postquam
451 1667 755 1721 sacrificum
795 1667 1161 1736 delibauitque
1202 1685 1465 1735 cruorem,
1710 1683 1798 1723 495

111 1741 177 1794 In
215 1742 377 1795 decus
418 1741 670 1811 egregiae
710 1742 892 1794 uultus
932 1741 1144 1794 intenta
1182 1742 1459 1794 iuuentae:

114 1814 412 1868 ‘Aetherea
449 1815 657 1867 fruerer
695 1833 814 1868 cum
854 1816 988 1885 luce,
1025 1815 1170 1867 haud
1210 1813 1483 1885 segniter,'
1522 1815 1716 1886 inquit,

114 1887 129 1911 ³
186 1907 377 1957 ymaeo
417 1889 634 1959 populis
674 1907 781 1942 uox
818 1892 1010 1941 nostra
1048 1888 1279 1942 sonabat
1317 1889 1375 1941 in
1415 1892 1588 1943 antro.

162 1981 252 2015 um
289 1966 344 2015 te
383 1962 710 2031 permixtum
750 1962 940 2015 saeclis
979 1962 1245 2031 rebusque
1284 1962 1481 2016 futuris

110 2034 425 2089 Aeneadum
464 2037 647 2089 cecini.
708 2035 802 2088 sed
839 2054 950 2089 non
990 2039 1076 2088 sat
1115 2035 1279 2106 digna
1318 2054 1559 2088 mearum
1710 2050 1796 2090 500

112 2106 256 2162 Oura
293 2109 403 2162 tuis
441 2127 652 2163 uocum.
710 2126 808 2161 nec
849 2110 991 2161 enim
1031 2109 1346 2178 conquirere
1385 2109 1546 2179 dicta,

108 2182 224 2235 Aut
263 2200 480 2236 seruare
518 2182 624 2235 fuit
663 2183 883 2252 proauis
924 2183 1168 2235 sollertia
1206 2182 1416 2235 uestris

108 2253 314 2309 Uerum
353 2273 470 2326 age,
508 2256 667 2324 disce,
705 2274 855 2324 puer,
893 2256 1106 2325 quando
1146 2273 1470 2326 cognoscere
1509 2256 1657 2308 cordi
1697 2260 1794 2326 est,

228 2459 314 2500 477
346 2455 543 2514 Pontus]
576 2457 757 2502 Poenus
790 2458 867 2503 uel
892 2457 1093 2502 Parthus
1125 2458 1352 2503 Schrader
1427 2505 1434 2511 ,
1523 2461 1610 2501 478
1642 2457 1789 2502 medi-

109 2516 216 2559 cata
246 2518 307 2557 Oh
352 2515 598 2559 mecchata
627 2521 660 2558 1.
706 2516 943 2560 mechiata
973 2530 1030 2560 m.
1054 2519 1088 2561 2
1119 2530 1233 2561 corr.
1265 2517 1318 2560 in
1348 2517 1556 2559 mercata
1585 2521 1620 2558 F
1667 2530 1787 2561 mer-

109 2575 216 2619 cata
248 2576 319 2615 ov
439 2578 526 2618 483
561 2574 635 2632 ac]
670 2575 719 2619 et
750 2578 821 2616 ov
941 2580 1027 2619 486
1060 2576 1128 2618 Ac
1157 2579 1183 2617 8
1304 2579 1390 2619 487
1424 2574 1533 2618 tabe
1566 2574 1792 2620 Heinsius

106 2636 194 2676 488
225 2630 465 2690 ueniente]
498 2632 775 2677 uehemente
806 2638 864 2687 13¹,
895 2637 947 2677 ut
975 2634 1160 2689 saepius
1309 2637 1395 2676 491
1428 2636 1604 2687 quanto
1635 2634 1789 2680 Barth

99 2691 232 2748 prob.
263 2690 411 2735 Bothe
504 2695 593 2735 494
625 2691 810 2749 Cymes]
843 2705 1006 2747 crynes
1028 2696 1061 2733 L
1093 2690 1244 2736 crines
1268 2695 1378 2734 Fov
1410 2692 1489 2746 (ef.
1516 2691 1660 2736 VIII.
1680 2695 1790 2748 531)

107 2749 322 2806 Cymeias
369 2749 595 2794 Heinsius
626 2775 681 2782 -
715 2763 830 2793 anus
878 2754 915 2791 V
968 2763 1082 2793 auus
1127 2754 1230 2792 Lro
1412 2754 1498 2794 498
1546 2750 1716 2806 Cymeo
1756 2757 1788 2793 1.

107 2807 304 2853 Crinaea
326 2812 360 2850 F
393 2808 557 2853 Crineo
583 2812 654 2851 ov
773 2812 859 2852 499
892 2808 1011 2852 Tum
1036 2812 1062 2850 S
1094 2807 1223 2852 Tunc
1247 2809 1387 2865 uulyo
1418 2833 1474 2841 -
1499 2808 1783 2866 promissum

105 2866 252 2911 Bothe
383 2869 470 2910 500
503 2866 649 2911 cecini
680 2872 713 2909 1.
745 2880 904 2911 cecum
934 2872 968 2909 F
1000 2869 1156 2910 tecum
1189 2870 1260 2909 ΟΥ
1410 2870 1496 2912 503
1529 2868 1715 2924 quando
1747 2873 1784 2911 V

107 2925 200 2979 qfio
232 2929 300 2968 FO
348 2924 571 2980 quoniam
604 2930 664 2968 eh
711 2926 944 2981 quomodo
974 2930 1008 2969 L
1040 2926 1118 2982 (ef.
1145 2939 1190 2970 u.
1217 2929 1327 2982 519)

1371 2999 1433 3042 5*
