1988 3190
185 113 259 165 46
859 111 975 158 SILI
1005 111 1227 158 ITALICI

189 247 520 302 Summissas
560 248 793 302 tendunt
832 248 945 301 alta
983 248 1050 301 ad
1090 247 1362 319 Capitolia
1401 248 1617 303 dextras
1791 263 1878 305 640

184 322 262 377 Et
298 323 436 376 festa
476 323 702 394 cingunt
739 322 940 376 montis
981 322 1283 392 penetralia
1320 323 1491 376 laum.

187 397 329 450 Tum
367 398 572 468 uultus,
613 396 770 450 modo
810 414 921 450 non
958 415 1131 466 paruo
1172 397 1368 451 sudore
1407 397 1694 469 madentiS,

184 470 345 525 Nunc
385 471 561 525 laetos
600 470 749 524 Iouis
790 473 1092 539 aspectant:
1134 470 1261 540 ‘Da‚
1302 488 1510 524 summe
1550 471 1788 543 deorum,

184 545 287 614 Da,
325 548 497 616 pater,
535 548 597 598 ut
638 563 791 599 sacro
833 544 1001 614 Libys
1040 546 1185 599 inter
1222 545 1431 615 proelia
1469 545 1579 598 telo

186 617 467 673 Concidat.
529 619 677 674 haud
718 619 827 673 alia
866 619 1012 689 potis
1054 623 1137 673 est
1169 620 1485 673 occumbere
1518 618 1741 673 dextra?
1790 634 1877 674 645

263 692 350 746 Sic
390 694 523 747 adeo
565 697 784 747 orantes
823 711 1069 762 pressere
1110 693 1345 762 silentia,
1384 696 1675 763 postquam

184 766 510 821 Abstulerat
549 771 726 821 terras
764 768 1110 837 nigrantibus
1149 767 1426 837 Hesperus
1466 767 1690 821 umbris.

189 841 360 903 Quem
402 842 566 895 simul
608 842 868 895 attollens
907 842 1226 895 rutilantem
1265 841 1518 912 lampada
1557 841 1719 895 Titan

185 915 396 986 Obruit,
436 919 490 969 et
530 916 676 969 uitae
715 915 876 969 rediit
917 916 1241 969 mortalibus
1283 936 1427 984 118118,

185 990 398 1043 Ρο611118
441 991 612 1061 adest,
649 1008 747 1043 nec
788 1008 844 1043 86
884 992 1079 1043 castris
1120 989 1381 1043 Oenotria
1417 989 1589 1059 pubes
1789 1003 1877 1044 650

186 1063 459 1118 Continet.
520 1065 666 1117 haud
706 1064 832 1117 dum
875 1082 1028 1117 enses
1061 1064 1254 1133 stricti,
1292 1065 1631 1132 mediumque
1662 1063 1877 1117 iacebat

185 1137 423 1192 Tantum
465 1138 532 1191 ad
570 1138 714 1191 bella
753 1139 876 1208 loci,
916 1142 1178 1207 quantum
1217 1138 1524 1191 tramittere
1563 1137 1736 1191 iactae

186 1211 509 1266 Sufficerent
546 1213 754 1282 hastae,
793 1231 912 1266 cum
951 1212 1136 1283 fulgor
1173 1211 1462 1266 hebescere
1503 1211 1637 1265 caeli

183 1287 288 1340 Per
329 1285 570 1340 subitum
612 1287 803 1356 coepit,
844 1288 1144 1356 densaeque
1186 1287 1369 1340 subire
1408 1285 1690 1355 tenebrae,

184 1360 367 1430 Atque
408 1360 521 1413 dies
559 1361 762 1430 fugere,
796 1364 955 1431 atque
989 1361 1191 1414 armari
1223 1361 1291 1413 ad
1323 1361 1532 1430 proelia
1563 1378 1747 1412 rursus
1789 1373 1874 1414 655

184 1434 410 1503 Iupiter.
471 1435 794 1488 incumbunt
831 1436 995 1503 uenti,
1036 1453 1355 1505 crassusque
1395 1437 1609 1488 rotante

183 1509 390 1562 Austro
429 1509 739 1562 nimborum
779 1508 956 1562 feruet
996 1509 1208 1580 globus,
1263 1509 1481 1562 intonat
1518 1508 1651 1577 ipse,

184 1582 338 1645 Quod
357 1586 559 1636 tremat
575 1586 628 1635 et
650 1583 914 1653 Rhodope
939 1583 1252 1653 Taurusque
1278 1586 1332 1635 et
1355 1582 1560 1636 Pindus
1593 1585 1648 1634 ct
1664 1582 1836 1635 Atlas.

182 1655 456 1710 Audiuere
496 1657 646 1711 lacus
685 1657 869 1722 Erebi,
909 1675 1223 1727 mersusque
1263 1656 1546 1726 profundis

182 1729 429 1800 Agnouit
470 1732 708 1784 tenebris
750 1732 1010 1784 caelestia
1048 1732 1194 1784 bella
1233 1730 1540 1799 TyphoeuS.
1787 1742 1874 1783 660

183 1804 405 1857 Inuadit
443 1803 622 1858 Notus
664 1823 740 1873 ac,
779 1805 986 1872 piceam
1028 1823 1149 1857 cum
1188 1804 1449 1874 grandine
1490 1803 1665 1856 multa

182 1877 507 1947 Intorquens
547 1878 763 1947 nubem,
803 1881 1147 1931 cunctantem
1189 1882 1244 1931 et
1283 1897 1424 1931 uana
1463 1878 1761 1930 minantem

183 1950 523 2022 Oircumagit
563 1952 864 2020 castrisque
905 1953 1095 2005 ducem
1135 1952 1416 2005 succedere
1457 1951 1620 2021 cogit.

257 2025 461 2079 Uerum
502 2026 596 2079 ubi
637 2026 898 2094 depositis
941 2027 1146 2096 saepsit
1187 2045 1303 2080 sese
1345 2043 1545 2097 aggere
1584 2026 1725 2094 telis,

180 2099 351 2153 Laeta
392 2101 627 2153 serenati
666 2100 831 2154 facies
873 2102 1115 2169 aperitur
1155 2099 1389 2171 Olympi,
1785 2111 1869 2152 665

181 2172 454 2243 Nullaque
493 2177 608 2226 tam
648 2175 834 2227 mitem
876 2174 1062 2227 credas
1103 2174 1359 2227 habuisse
1399 2172 1705 2226 Tonantem

179 2246 450 2318 Fulmina,
488 2266 587 2301 nec
627 2248 840 2317 placido
881 2251 1157 2301 commota
1194 2248 1436 2301 tonitrua
1475 2248 1634 2300 cae10.

182 2321 362 2375 Durat
403 2326 457 2376 et
498 2321 777 2376 affirmans
819 2340 928 2375 non
967 2323 1112 2375 ultra
1152 2321 1380 2391 spondet
1418 2321 1475 2373 in
1512 2321 1661 2389 ipsos

180 2394 483 2448 Uenturam
522 2395 665 2450 hanc
704 2395 894 2450 aethra
933 2395 1156 2466 rabiem,
1196 2394 1355 2448 modo
1393 2394 1574 2464 patria
1611 2394 1787 2448 uirtus

301 2575 385 2615 643
421 2571 698 2628 exspectant
730 2576 760 2613 0
840 2575 925 2615 650
959 2569 1177 2615 claustris
1201 2570 1450 2614 Burmann
1512 2573 1594 2614 651
1628 2567 1865 2626 mediique

180 2629 406 2674 Heinsius
446 2655 502 2662 —
543 2632 740 2688 patebat
783 2629 966 2675 Gronov
1178 2634 1263 2673 654
1302 2628 1389 2672 Per
1428 2629 1595 2673 sudum
1639 2628 1868 2673 Schrader

179 2691 264 2732 655
298 2687 478 2745 fulgere
508 2694 541 2731 1.
724 2693 810 2733 658
854 2689 952 2743 Quo
997 2693 1034 2730 V
1227 2693 1313 2732 659
1357 2686 1486 2732 erebi
1522 2691 1559 2729 V
1611 2686 1761 2731 crebri
1794 2691 1862 2729 Lo

180 2747 307 2791 crebi
337 2752 371 2789 F
456 2753 541 2792 666
573 2749 667 2793 iam
699 2749 938 2793 Nicander
969 2748 1140 2804 aliique
1234 2751 1319 2791 668
1352 2746 1589 2791 offirmans
1620 2746 1867 2790 Liuineius

180 2810 221 2851 et
251 2805 477 2850 Heinsius
659 2812 743 2852 669
776 2807 830 2852 U.
863 2806 985 2851 hanc
1018 2806 1182 2851 aethra
1212 2806 1390 2851 rabiem
1421 2818 1505 2850 scr.
1539 2818 1639 2849 eum
1669 2804 1865 2849 Heinsio

181 2864 234 2908 U.
270 2864 433 2910 crebra
465 2864 589 2910 diem
622 2871 682 2909 eh
721 2866 776 2911 U.
812 2865 1065 2922 crebraque
1098 2866 1222 2909 diem
1249 2865 1440 2910 Modius
1469 2867 1575 2908 teste
1597 2863 1864 2920 Dausqueio

181 2923 256 2979 (T.
275 2938 325 2982 10·
350 2927 442 2969 204
475 2929 515 2969 et
546 2928 661 2980 211)
711 2925 765 2970 U.
798 2926 958 2969 crebro
993 2924 1117 2967 diem
1148 2929 1216 2966 LE·
1263 2924 1316 2968 U.
1351 2922 1604 2978 crebroque
1636 2920 1760 2966 diem
1793 2925 1864 2965 ΟΥ
