1988 3190
205 104 313 157 110
867 101 983 148 SILI
1012 101 1235 148 ITALICI

207 238 311 294 Sed
350 242 568 294 current
608 239 868 308 albusque
908 237 1019 291 dies
1058 238 1329 307 horaeque
1371 255 1603 307 serenae,

204 315 278 367 Et
317 314 470 367 molli
510 313 727 366 dabitur
764 311 916 365 uictu
957 324 1175 381 sperare
1216 314 1502 365 senectam.

205 389 448 452 Quantas
488 387 604 457 ipse
645 387 774 439 deus
812 387 985 439 laetos
1027 386 1308 456 generauit
1344 386 1402 438 in
1440 403 1569 438 usus
1800 378 1896 438 '55

203 462 311 515 Res
349 462 561 516 homini
600 461 868 532 plenaque
908 460 1057 513 dedit
1093 460 1242 513 bona
1281 459 1478 529 gaudia
1518 459 1727 512 dextra!

202 535 383 606 Atque
422 535 581 604 idem,
621 535 895 604 exemplar
933 535 1072 587 lenis
1114 534 1437 587 mortalibus
1478 533 1612 601 aeui,

203 610 607 680 Imperturbata
645 609 888 678 placidus
926 611 1077 662 tenet
1116 608 1230 661 otia
1269 611 1463 661 mente.

203 685 307 738 Illa
348 702 447 756 ego
489 702 622 748 sum,
661 683 935 736 Anchisae
966 682 1234 736 Uenerem
1276 680 1583 735 Simoentos
1623 680 1691 734 ad
1723 680 1895 734 undas

204 758 353 822 Quae
392 758 558 826 iunxi,
598 757 811 827 generis
851 757 1008 810 uobis
1048 756 1188 809 unde
1227 756 1404 809 editus
1445 760 1647 809 auctor.
1839 768 1895 808 60

202 833 309 885 Illa
349 850 450 904 ego
492 850 627 902 sum,
667 832 811 885 uerti
851 849 1106 900 superum
1147 848 1282 899 quae
1322 847 1482 898 saepe
1519 833 1803 898 parentem

202 906 359 960 Nunc
401 906 517 959 auis
557 907 614 959 in
652 905 900 975 formam,
938 923 1083 958 nunc
1120 904 1268 958 torui
1304 904 1362 957 in
1402 922 1605 958 cornua
1642 903 1802 956 tauri.

202 981 323 1034 Huc
363 981 585 1034 aduerte
626 997 800 1033 aures,
869 979 1038 1032 currit
1076 978 1401 1032 mor’calibus
1442 995 1651 1045 aeuum,

201 1054 318 1108 Nec
356 1054 508 1109 nasci
545 1054 630 1107 bis
670 1072 832 1123 posse
873 1053 1052 1122 datur3
1091 1053 1236 1123 sugit
1274 1052 1424 1122 hora,
1463 1052 1709 1121 rapitque

202 1129 494 1182 Tartareus
533 1132 745 1182 torrens
787 1145 848 1180 ac
890 1145 1071 1180 secum
1110 1127 1250 1179 ferre
1291 1126 1390 1178 sub
1430 1125 1668 1189 umbras,
1838 1135 1894 1177 65

204 1201 263 1256 Si
303 1221 407 1272 qua
447 1204 628 1256 animo
668 1202 936 1271 placuere,
973 1205 1154 1271 negat.
1217 1199 1336 1270 quis
1377 1199 1496 1252 luce
1536 1216 1791 1267 suprema

201 1277 490 1330 Dimisisse
530 1294 680 1329 meas
721 1272 839 1328 se'ro
878 1293 986 1328 non
1028 1275 1257 1345 ingemib
1294 1271 1527 1327 horas?

275 1351 577 1420 Postquam
619 1349 897 1418 conticuib‚
934 1349 1166 1418 finisque
1207 1350 1291 1401 est
1331 1347 1516 1400 addita
1554 1346 1731 1413 dictis,

201 1425 340 1479 Tum
378 1424 591 1478 Uirtus:
645 1422 947 1486 ‘Quasnam
992 1423 1243 1475 iuuenem
1288 1419 1650 1491 florentibu8‚'
1704 1419 1896 1490 inquit,

98 1508 114 1523 ·
201 1499 446 1552 tPellicis
486 1500 543 1551 in
579 1498 796 1551 fraudes
839 1497 992 1550 annis
1033 1497 1286 1565 uitaeque
1325 1496 1597 1565 teuchum,
1837 1507 1893 1547 70

201 1571 301 1626 Oui
339 1573 482 1626 ratio
524 1576 579 1625 eb
618 1589 850 1643 magnae
890 1571 1149 1625 caelestia
1189 1570 1399 1623 semina
1437 1570 1636 1622 mentis

198 1645 423 1700 Munere
465 1650 591 1700 suni]
630 1664 885 1700 concessa
924 1645 1122 1698 deum?
1186 1643 1511 1697 morhalibus
1552 1642 1653 1696 alti

201 1721 475 1784 Quantum
514 1720 817 1787 caelicolae,
856 1719 1194 1772 tantumdem
1235 1716 1558 1770 animalibus
1597 1715 1689 1769 isti

199 1794 544 1848 Praecellunb
583 1794 806 1847 cuncbis,
867 1793 1062 1845 tribuit
1092 1809 1326 1861 namque
1365 1791 1484 1859 ipsa
1522 1790 1757 1842 minores

199 1868 316 1921 Hos
357 1869 516 1921 terris
556 1867 771 1921 Natura
810 1867 960 1935 deos3
1001 1866 1093 1919 sed
1131 1865 1347 1918 foedere
1387 1866 1535 1917 certo
1836 1874 1891 1915 75

198 1942 508 2013 Degeneres
548 1942 788 1994 tenebris
829 1941 1035 1993 animas
1077 1938 1357 1992 damnauib
1395 1937 1646 1990 Auernis,

200 2017 289 2085 At,
329 2016 449 2086 quis
491 2015 718 2068 aetherii
759 2018 1008 2067 seruatur
1048 2012 1269 2067 seminis
1310 2014 1478 2079 ortus,

199 2088 347 2143 Caeli
387 2094 547 2159 porta
587 2092 752 2158 pateb.
815 2088 1046 2141 referam
1086 2086 1214 2157 quid
1253 2089 1448 2140 cuncta
1488 2083 1798 2137 domantem

197 2162 784 2233 Amphibryoniadem‘?
847 2161 991 2232 quid,
1031 2162 1130 2229 cui,
1169 2163 1297 2230 post
1338 2158 1497 2212 Seras
1537 2161 1592 2210 et
1630 2157 1793 2210 Indos

200 2236 430 2308 Captiuo
472 2237 634 2291 Liber
673 2255 793 2291 cum
834 2238 992 2306 signa
1031 2234 1258 2287 referret
1297 2233 1365 2287 ab
1398 2231 1563 2300 Eum,
1830 2243 1885 2283 80
1945 2297 1948 2301 ¹

200 2310 505 2365 Caucaseae
547 2330 763 2364 currum
803 2310 999 2363 duxere
1037 2327 1134 2379 per
1173 2307 1372 2377 oppida
1409 2304 1617 2376 tigres?
1892 2310 1903 2318 '

200 2385 338 2448 Quid
380 2385 681 2454 suspiratos
723 2401 922 2454 magno
961 2384 1018 2435 in
1057 2381 1365 2435 discrimine
1397 2379 1580 2433 nautis

198 2459 442 2512 Ledaeos
482 2460 715 2512 referam
754 2459 950 2510 fratres
991 2459 1339 2525 uestrumque
1381 2452 1701 2517 Quirinum?

317 2683 370 2722 57
405 2677 524 2723 lenis
550 2682 580 2720 0
613 2677 732 2721 leuis
756 2681 862 2719 LFV
925 2680 980 2720 58
1013 2676 1146 2720 tenet
1168 2679 1205 2717 V
1237 2677 1370 2719 tener
1392 2677 1495 2716 1.Ἑο
1528 2670 1638 2717 terit
1660 2669 1886 2717 Heinsius

199 2741 255 2781 59
307 2738 559 2781 simoentos
601 2740 671 2778 ΒΕ
720 2737 805 2790 (ef.
851 2734 992 2779 XVI.
1034 2738 1153 2790 370)
1201 2733 1432 2778 simeonta
1475 2735 1506 2774 0
1562 2726 1804 2774 simeuntis
1852 2732 1889 2770 V

199 2799 255 2840 68
297 2795 460 2840 abdita
498 2801 532 2838 F
671 2799 739 2840 74.
775 2798 829 2838 75
862 2794 1041 2838 minore
1075 2818 1129 2826 —-
1163 2793 1251 2837 deo
1284 2796 1326 2848 s,
1358 2791 1478 2848 quod
1501 2789 1632 2847 prob.
1665 2786 1890 2831 Heinsius

199 2854 400 2899 minores
433 2880 487 2887 —
522 2854 609 2897 deo
642 2856 708 2899 ed.
740 2854 871 2898 Rom.
896 2855 928 2897 2
960 2854 1166 2908 aliaeque
1251 2855 1305 2896 76
1337 2847 1563 2894 clamauit
1599 2851 1631 2889 L
1702 2849 1768 2902 *78
1802 2845 1885 2889 do—

200 2915 389 2957 nantem
424 2918 449 2955 S
575 2918 630 2957 83
662 2911 857 2956 fratrem
897 2916 931 2953 F
