1988 3190
636 113 998 160 PUNICORUM
1027 113 1210 159 LIBER
1238 114 1360 161 XIIL
1781 116 1857 170 55

157 251 417 321 Bellator,
456 251 542 304 cui
582 248 835 304 Sidonius
876 250 1132 320 superare
1170 251 1371 304 lacerto

158 325 369 380 Ductor
408 328 464 378 et
503 325 789 378 Autololas
829 324 996 377 dabat
1035 327 1089 377 et
1127 324 1407 378 Maurusia
1444 326 1572 379 tela.
1761 339 1849 379 145

156 399 211 453 Is
250 399 463 468 trepido
497 417 558 452 ac
590 399 788 451 lituum
819 399 1022 451 tinnitu
1063 402 1209 452 stare
1249 399 1477 468 neganti

155 473 442 543 Imperitat
480 473 748 526 uiolenter
787 491 939 542 equo,
978 477 1269 542 postquam
1308 474 1528 527 auribus
1567 473 1748 527 hostis

155 547 411 600 Uicinum
451 565 566 600 sese
605 547 769 616 uidet,
811 551 865 599 et
903 547 1140 600 clamore
1179 548 1508 617 propinquo:

156 620 438 675 ‘Claudius
475 620 636 689 huic,'
674 620 853 689 inquit
881 652 943 659 —
972 622 1287 690 praestabat
1327 619 1584 675 Claudius
1625 625 1743 676 arte

153 693 410 748 Bellandi
449 698 503 747 e't
543 695 739 748 merita
779 694 926 747 mille
965 696 1109 747 inter
1146 695 1352 764 proelia
1391 695 1538 748 fama
1568 725 1642 734 ——
1758 709 1845 750 150

156 767 359 837 ‘Huic,'
399 769 593 838 inquit,
633 768 853 837 esolum,
893 770 938 821 si
979 788 1086 838 qua
1124 773 1207 821 est
1244 769 1442 822 fiducia
1481 770 1715 841 dextrae,

154 842 263 896 Det
303 861 419 896 sese
458 860 648 911 campo
689 845 852 911 atque
891 843 1039 896 ineat
1078 842 1372 896 certamina
1410 843 1656 897 mecum.'

229 916 351 970 Una
389 935 544 970 mora
575 917 875 987 Aeneadae,
915 920 1206 987 postquam
1226 935 1342 970 ..uox
1375 918 1564 988 attigit
1602 919 1768 989 auris»,

153 990 299 1043 Dum
339 990 492 1043 daret
532 990 831 1059 auspicium
869 992 1060 1060 iusque
1099 991 1157 1042 in
1196 992 1493 1044 certamina
1533 992 1746 1045 ductor:

152 1063 526 1118 Praeuetitum
549 1083 782 1134 namque
809 1069 864 1117 et
888 1065 1102 1133 capital,
1126 1066 1462 1118 committere
1478 1065 1714 1119 Martem
1754 1079 1842 1120 155

153 1136 357 1207 Sponte
396 1138 544 1191 uiris
607 1139 843 1206 erumpit
883 1156 1068 1207 ouanS‚
1108 1141 1169 1190 ut
1207 1138 1433 1192 Fuluius
1475 1158 1627 1192 arma

151 1212 389 1280 Imperio
431 1212 610 1280 soluit,
649 1213 1003 1282 patulumque
1043 1214 1285 1265 inuectus
1325 1213 1386 1265 in
1424 1231 1627 1282 aequor

151 1285 334 1356 Erigit
372 1287 662 1339 undantem
705 1287 1007 1356 glomerato
1047 1287 1270 1355 puluere
1308 1288 1525 1341 nubem.

152 1358 475 1431 Indignatus
516 1378 671 1429 opem
712 1361 971 1413 ammenti
1011 1361 1264 1428 socioque
1295 1360 1483 1413 iuuare

152 1433 457 1504 Expulsum
495 1435 637 1487 nodo
677 1434 912 1486 iaculum
953 1438 1114 1503 atque
1156 1452 1427 1487 accersere
1462 1435 1607 1487 uires
1753 1448 1842 1489 160

153 1507 366 1560 Taurea
404 1508 659 1560 uibrabat
695 1508 854 1560 nudis
894 1508 1176 1560 conatibus
1215 1508 1446 1560 hastam.

151 1579 284 1634 Inde
321 1600 481 1634 ruens
521 1582 603 1633 ira
640 1581 811 1633 telum
851 1585 1172 1650 contorquet
1211 1582 1266 1633 in
1307 1600 1484 1635 auras,

152 1654 231 1707 At
268 1674 380 1707 non
417 1655 560 1708 idem
601 1655 812 1707 animus
852 1655 1076 1724 Rutu103
1118 1655 1429 1725 speculatur
1469 1658 1525 1707 et
1564 1656 1716 1708 omni

274 1804 360 1844 144
406 1800 650 1858 superare]
698 1813 862 1856 parere
909 1800 1134 1845 Heinsius
1195 1801 1446 1856 superante
1492 1801 1752 1846 Markland
1796 1806 1840 1846 et

153 1858 378 1905 Schrader
469 1863 568 1903 144.
597 1863 679 1903 145
714 1857 930 1903 Sidonios
957 1884 1009 1892 —-
1036 1859 1196 1904 Robur
1232 1861 1409 1915 Withof
1501 1863 1584 1904 145
1610 1860 1756 1905 dabat
1779 1865 1844 1903 eh.

152 1919 272 1964 deest
300 1919 576 1962 uocabulum
606 1920 659 1962 in
690 1922 720 1960 0
809 1922 892 1962 146
926 1932 980 1962 ac
1011 1918 1179 1962 lituum
1205 1922 1263 1961 ed
1288 1919 1426 1975 (1120.
1444 1922 1559 1974 215)
1594 1918 1790 1963 alituum
1813 1925 1842 1963 S

154 1981 204 2022 et
233 1977 404 2021 lituum
428 1977 618 2022 Marsus
644 2003 697 2009 -
722 1977 766 2020 Is
798 1976 985 2033 trepido
1015 1977 1184 2022 lituum
1209 1976 1384 2021 tinnitu
1408 1978 1614 2034 Scaliyer
1654 1978 1699 2022 Is
1726 1984 1843 2024 stre—

152 2037 256 2094 pitu
287 2049 342 2081 ac
372 2035 544 2080 lituum
573 2036 751 2080 tinnitu
781 2036 1031 2080 Burmann
1237 2042 1319 2081 147
1355 2036 1600 2094 Imperitat
1629 2051 1713 2083 scr.
1748 2039 1842 2082 Im—

153 2095 363 2152 peritans
396 2101 423 2138 8
471 2121 527 2128 —-
573 2094 808 2140 uiolentor
848 2099 940 2150 ΟΥ,
994 2097 1114 2140 unde
1168 2095 1404 2139 uiolentus
1452 2098 1550 2141 edd.
1590 2098 1844 2142 nonnullae

156 2159 242 2199 148
274 2155 322 2198 et
353 2159 413 2197 Cd
445 2155 519 2208 (T,
541 2169 589 2211 p.
621 2159 736 2209 215)
759 2158 866 2196 LFV
899 2167 952 2197 ac
985 2158 1015 2197 0
1058 2153 1167 2198 huic
1191 2155 1418 2199 Heinsius
1450 2169 1506 2198 en
1537 2155 1761 2209 Lefebure
1785 2181 1845 2189 —·

153 2214 286 2258 uidet
309 2213 377 2272 et]
402 2212 525 2257 uidit
548 2214 687 2258 Blass
716 2218 903 2258 seruata
926 2227 971 2257 u.
998 2217 1086 2258 147
1111 2215 1296 2258 lectione
1314 2213 1614 2270 Imperitans3
1640 2229 1705 2259 an
1727 2217 1844 2260 scri-

155 2273 370 2317 bendum.-
402 2272 680 2328 Imperitans
707 2298 758 2303 —
787 2276 835 2315 et
860 2271 1061 2316 clamare
1092 2274 1405 2328 propinquum
1429 2272 1455 2315 .9
1518 2277 1603 2316 149
1636 2273 1746 2317 huic
1770 2277 1845 2316 LV

153 2331 264 2375 hinc
279 2335 348 2373 ΕΟ
422 2335 503 2374 151
524 2331 643 2374 Huic
660 2335 697 2373 V
719 2330 839 2374 Hinc
855 2335 957 2373 1Ὲο
1023 2336 1107 2374 153
1125 2331 1307 2390 attigit]
1325 2331 1499 2375 accidit
1514 2332 1845 2378 Drakenborch

157 2393 244 2433 154
297 2390 462 2445 iusque
516 2389 765 2434 Liuineius
821 2403 968 2446 usque
1024 2395 1078 2433 cc
1124 2391 1230 2434 Em.
1278 2391 1318 2434 I.
1362 2395 1389 2434 3
1431 2395 1456 2432 S
1505 2390 1586 2445 (T.
1623 2405 1670 2447 p.
1714 2394 1837 2447 188)

157 2452 260 2492 153.
286 2453 370 2491 154
401 2447 506 2491 Una
535 2461 665 2492 mora
687 2449 934 2491 Aeneadae
967 2462 1112 2504 usque
1144 2448 1196 2491 in
1226 2447 1486 2493 certamina
1518 2447 1685 2493 ductor
1716 2449 1838 2494 Dum

154 2506 292 2551 daret
338 2505 601 2561 auspicium
654 2521 800 2562 usque
847 2507 894 2549 in
950 2506 1207 2550 certamina
1262 2509 1428 2550 ductor
1475 2513 1528 2551 Ge
1574 2507 1678 2552 Em.
1722 2509 1766 2553 Ι.
1810 2513 1840 2554 3

160 2569 247 2609 155
278 2563 601 2608 Praeuetitum
634 2570 707 2607 cm
730 2565 822 2620 Ep.
850 2569 912 2610 62
937 2571 971 2607 F
1003 2565 1307 2609 Praeuehitur
1330 2570 1438 2608 Lov
1471 2591 1525 2599 —-
1558 2581 1760 2623 namque
1793 2569 1843 2613 et

157 2623 336 2680 capital
368 2628 440 2665 cm
464 2624 490 2666 l.
519 2625 546 2667 l.
570 2628 638 2666 LE
682 2638 727 2667 n.
761 2625 810 2667 et
840 2623 997 2678 capita
1029 2628 1099 2666 ov
1129 2624 1204 2675 (T.
1223 2639 1270 2680 p,
1299 2628 1417 2679 224)
1568 2630 1654 2670 160
1685 2641 1844 2672 accer-

156 2697 258 2727 sere
290 2687 349 2725 σᾶ
381 2683 457 2736 (cf.
484 2683 546 2726 ad
579 2683 623 2726 I.
647 2684 761 2738 264)
877 2688 958 2726 161
991 2682 1197 2726 librabat
1228 2683 1455 2728 Schrader
1563 2689 1647 2729 162
1680 2687 1841 2745 ruens]
1870 2700 1874 2703 ·

153 2740 314 2789 furens
347 2741 570 2784 Heinsius
615 2754 776 2784 amens
807 2742 881 2784 uel
911 2754 1068 2784 errans
1100 2743 1238 2786 Blass
1361 2747 1444 2787 163
1476 2741 1541 2786 At
1571 2747 1609 2786 V
1638 2743 1708 2790 Ac
1737 2750 1841 2789 1.Εο

157 2825 214 2833 -
247 2800 516 2856 speculatur
538 2799 785 2843 Liuineius
815 2800 985 2856 aliique
1016 2804 1251 2856 spectatur
1275 2805 1315 2856 S,
1347 2803 1469 2846 unde
1501 2803 1755 2858 spectatur,
1790 2806 1846 2849 ut

156 2859 342 2904 Gronov
389 2859 631 2915 spectatur
660 2858 709 2902 in
749 2872 790 2902 o.
825 2856 871 2902 C.
904 2858 1191 2915 perlustrans
1224 2859 1426 2917 Ruperti
1478 2863 1749 2917 speculatur
1791 2864 1842 2907 in

157 2931 200 2963 o.
227 2917 290 2974 0„
321 2918 577 2975 perlustrat
608 2917 831 2972 Lefebure
