1988 3190
653 123 1016 170 PUNICORUM
1046 123 1229 168 LIBER
1259 123 1357 168 XV.
1743 121 1846 175 121

156 261 422 316 Aetherio
463 261 684 330 simileS‚
724 279 878 315 caeca
915 259 1175 313 fundente
1214 259 1428 312 latebra

156 336 415 390 Armatos
454 335 513 389 in
549 335 697 388 bella
735 334 945 405 globos
1008 333 1338 387 circumdata
1377 336 1669 403 postquam
1763 347 1849 387 370

157 411 254 464 Nil
292 413 502 463 restare
541 409 690 462 uidet
726 409 918 472 uirtus,
957 408 1099 478 quod
1138 408 1332 460 debeat
1370 408 1516 460 ultra

157 485 272 538 Iam
314 484 538 554 superiS,
577 501 837 554 magnum
876 500 1055 536 secum
1093 484 1314 551 portare
1356 482 1455 534 sub
1495 482 1716 534 umbras

158 558 373 613 Nomen
411 557 603 611 mortis
642 557 825 611 hauet.
885 559 1062 609 tortae
1102 574 1245 608 nunc
1284 556 1494 608 eminus
1534 555 1722 608 hastae

158 632 343 686 Altius
382 631 634 701 insurgit,
672 649 815 684 nunc
850 630 1031 683 saeuit
1070 629 1371 683 comminus
1413 647 1552 683 ense.

160 706 374 760 Forsan
414 709 468 758 et
506 708 718 758 enasset
755 704 934 774 rapidi
971 704 1112 756 freta
1151 722 1315 756 saeua
1354 704 1558 773 pericli,
1764 717 1850 758 375

158 779 234 833 Ni
272 780 445 833 telum
485 779 739 832 aduersos
780 779 895 831 nati
935 777 1174 831 uenisset
1212 778 1270 830 in
1309 781 1475 832 artus,

161 854 301 906 Tum
341 854 551 922 patriae
590 856 860 906 tremuere
901 870 1107 920 manus,
1147 852 1435 920 laxataque
1475 852 1627 905 luctu

159 927 461 981 Fluxerunt
498 927 693 996 rigidis
735 945 885 979 arma
922 925 1163 979 infelicia
1200 925 1415 995 palmis,

161 1001 339 1055 Obuia
375 1001 640 1054 nudatum
679 1000 942 1053 tramittit
980 1000 1170 1053 lancea
1208 1003 1413 1069 peetus,

160 1075 483 1144 Labensque
521 1075 786 1144 impresso
828 1073 1069 1144 signauit
1108 1074 1360 1143 gramina
1398 1077 1596 1127 mento.
1764 1087 1851 1128 380

234 1147 312 1202 At
350 1151 641 1218 postquam
680 1147 876 1218 Tyrius
917 1166 1081 1200 saeua
1118 1147 1263 1200 inter
1300 1147 1510 1217 proelia
1552 1148 1743 1202 ductor

159 1222 396 1276 Infixum
438 1223 664 1276 aduerso
704 1222 842 1274 uidit
883 1222 982 1274 sub
1022 1224 1239 1291 pectore
1277 1222 1465 1290 telum,

161 1297 404 1350 Immane
445 1297 732 1350 exclamat:
774 1295 1005 1364 ‘LatiaS,
1045 1293 1340 1364 CarthagO,
1377 1295 1568 1348 timere

160 1370 362 1423 Desine
400 1371 513 1423 iam
550 1370 722 1440 leges3
760 1370 903 1422 iacet
942 1368 1217 1422 exitiabile
1255 1387 1470 1438 nomen,

163 1443 393 1497 Ausonii
433 1445 680 1497 columen
720 1443 888 1512 regni.
953 1444 1043 1495 sed
1084 1442 1302 1495 dextera
1339 1446 1557 1495 nostrae
1762 1457 1848 1496 385

163 1517 299 1570 Tam
340 1518 533 1570 similis
572 1535 683 1570 non
722 1517 981 1571 obscurus
1020 1516 1272 1569 mittatur
1311 1516 1378 1568 ad
1415 1517 1651 1569 umbras.

162 1591 515 1662 Magnanima
552 1590 759 1643 inuidia
797 1590 971 1643 uirtus
1011 1588 1191 1643 caret?
1261 1590 1391 1642 Alta
1431 1591 1703 1659 sepulchri

162 1664 416 1718 Protinus
457 1665 722 1717 extruitur
761 1664 1018 1733 caeloque
1058 1663 1302 1716 educitur
1342 1682 1451 1717 ara.

165 1736 502 1792 Conueetant
542 1738 696 1791 siluis
735 1738 980 1807 ingentia
1018 1738 1231 1791 robora.
1293 1738 1479 1790 credas

167 1811 448 1866 Sidonium
488 1812 743 1865 cecidisse
783 1812 985 1865 ducem.
1047 1814 1165 1864 tum
1204 1814 1328 1864 tura
1369 1811 1636 1881 dapesque
1765 1826 1852 1866 390

163 1886 239 1939 Et
276 1886 454 1940 fasces
494 1886 803 1956 clipeusque
842 1885 961 1954 uiri,
999 1903 1201 1955 pompa
1239 1885 1447 1953 ultima,
1486 1885 1674 1938 fertur.
1807 1894 1812 1899 ’

163 1959 288 2029 Ipse
327 1959 499 2013 facem
540 1959 798 2013 subdens:
856 1957 1066 2028 ‘LaUS‚'
1111 1959 1313 2028 inquit,
1361 1959 1547 2028 ‘parta
1586 1961 1851 2029 perennis,

163 2032 486 2087 Marcellum
526 2033 849 2098 abstulimus
888 2032 1065 2086 Latio,
1128 2032 1394 2103 deponere
1434 2033 1619 2086 forsan

167 2106 310 2160 Gens
350 2107 552 2160 Italum
589 2108 806 2159 tandem
848 2125 1000 2158 arma
1038 2106 1187 2159 uelit.
1248 2125 1347 2159 uos
1386 2107 1461 2159 ite
1503 2108 1763 2175 superbae

164 2180 440 2250 Exequias
480 2181 691 2233 animae
732 2183 786 2232 et
826 2179 1058 2232 cinerem
1099 2179 1294 2232 donate
1334 2181 1571 2248 supremi
1767 2194 1852 2233 395

166 2252 406 2306 Muneris
447 2253 649 2323 offici03
687 2272 981 2322 numquam
1019 2252 1122 2306 hoc
1160 2253 1278 2322 tibi,
1317 2253 1508 2322 Roma,
1544 2253 1791 2322 negabo?

167 2328 413 2380 Alterius
451 2346 552 2396 par
591 2330 754 2395 atque
795 2327 980 2379 eadem
1018 2325 1239 2379 fortuna
1278 2327 1526 2379 laborum

169 2398 441 2454 Consulis:
483 2400 782 2453 exanimem
824 2399 1038 2469 sonipes
1080 2399 1146 2452 ad
1187 2399 1343 2470 signa
1382 2400 1601 2453 reuexit.

288 2519 374 2560 373
405 2515 567 2573 hauet]
602 2515 748 2559 habet
779 2519 805 2557 8
839 2516 916 2570 (cf.
950 2515 991 2558 I.
1018 2517 1097 2568 61)
1183 2519 1269 2559 375
1303 2515 1490 2559 enasset
1514 2520 1587 2557 cm
1610 2515 1702 2571 Ep.
1729 2519 1758 2561 7
1783 2519 1853 2558 ov

169 2575 353 2619 enasset
383 2578 452 2616 m?
484 2599 538 2607 —
573 2573 734 2631 saeua]
768 2586 907 2617 caeca
938 2572 1167 2617 Schrader
1317 2578 1403 2618 376
1436 2573 1642 2618 uenisset
1673 2579 1744 2617 cm
1769 2576 1795 2618 l.
1824 2576 1852 2619 l.

168 2632 403 2678 euenisset
434 2637 460 2675 8
641 2636 724 2677 381
758 2631 821 2675 At
851 2635 922 2674 LV
968 2631 1035 2675 Ac
1067 2636 1101 2673 F
1147 2630 1234 2674 Ast
1266 2636 1296 2674 0
1479 2636 1565 2676 385
1604 2632 1787 2678 culmen
1821 2638 1852 2676 0

169 2696 255 2737 386
289 2692 511 2735 obscurus
541 2704 626 2735 ser.
661 2691 881 2735 obscuras
915 2695 940 2733 8
1032 2694 1117 2734 389
1150 2690 1441 2735 Connectant
1473 2695 1499 2733 S
1591 2695 1677 2736 390
1710 2693 1853 2749 dapes

169 2764 252 2796 om.
279 2763 367 2807 que
391 2755 423 2792 L
455 2749 674 2806 latexque
701 2749 883 2794 Gronov
912 2750 1139 2804 tapesque
1165 2748 1374 2794 Koestlin
1495 2754 1580 2794 396
1604 2756 1711 2808 post
1733 2753 1854 2796 hune

168 2823 350 2854 uersum
396 2813 486 2854 tres
531 2810 647 2853 alios
692 2809 887 2852 inseruit
933 2807 1201 2862 Nicander,
1257 2821 1367 2864 quos
1414 2822 1470 2853 ex
1514 2809 1607 2853 Col.
1655 2812 1855 2855 deleuere

172 2869 365 2913 Medius
395 2867 487 2924 Ep.
515 2871 544 2913 7
575 2872 616 2911 et
650 2866 847 2911 Carrion
878 2867 982 2910 Em.
1006 2866 1049 2911 Ι.
1075 2871 1104 2911 6
1192 2871 1276 2910 397
1309 2881 1416 2922 pars
1449 2868 1595 2913 Bothe
1620 2894 1673 2901 —
1704 2869 1854 2913 labori

173 2926 398 2971 Heinsius
518 2930 603 2970 398
636 2925 893 2970 exanimem
924 2930 956 2967 L
1004 2925 1265 2970 exanimum
1295 2930 1403 2968 Fov
