1988 3190
207 134 280 187 68
874 133 988 179 SILI
1016 134 1237 180 ITALICI

205 270 326 324 Iam
364 274 461 324 tua
501 270 671 340 deque
710 270 820 323 tuis
858 270 1152 341 pendentia
1190 270 1447 325 Dardana
1484 271 1630 328 fatis.

207 344 459 415 Namque
499 345 604 397 tibi
644 362 805 398 cerno
845 348 1194 415 properatum
1235 346 1456 399 oracula
1493 351 1638 402 uitae
1813 362 1899 405 505

205 418 350 472 Hinc
389 421 574 489 petere
613 422 668 471 et
706 418 913 488 patrios
953 419 1074 472 uisu
1115 419 1430 489 contingere
1469 422 1659 482 manis,

209 492 481 547 Armifero
522 492 697 546 uictor
735 496 949 562 patrem
987 492 1260 547 ulcisceris
1300 493 1523 564 HiberO,

208 566 456 621 Creditus
498 569 625 620 ante
666 585 838 620 annos
877 567 1060 636 Marti,
1097 567 1348 637 ferroque
1387 569 1628 623 resolues

208 640 421 694 Gaudia
459 640 767 694 Poenorum
808 645 862 694 et
901 641 1129 695 missum
1167 642 1442 695 laetabere
1484 644 1629 698 bello

207 714 397 784 Omen,
434 714 741 770 Hiberiacis
781 715 925 768 uicta
965 713 1297 786 Carthagine
1335 716 1512 770 terris.
1808 731 1897 774 510

204 789 384 843 Maius
424 789 493 842 ad
530 789 818 858 imperium
857 789 1088 858 posthac
1127 789 1355 860 capiere,
1393 808 1491 844 nec
1530 794 1654 845 ante

205 862 415 933 Iupiter
454 864 685 916 absistet
722 881 863 932 cura,
903 882 1067 932 quam
1106 866 1302 917 cuncta
1332 864 1541 935 fugarit

203 937 270 990 In
311 937 544 1007 Libyam
582 938 730 990 bella
767 941 822 990 et
861 937 1186 990 uincendum
1225 938 1437 992 duxerit
1474 938 1591 1008 ipse

208 1010 492 1065 Sidonium
529 1011 634 1064 tibi
671 1015 953 1065 rectorem.
1014 1011 1181 1080 pudet
1218 1012 1369 1065 urbis
1407 1012 1644 1083 iniquae,
1810 1026 1897 1067 514

208 1085 363 1149 Quod
386 1088 512 1155 post
542 1085 677 1138 haec
709 1085 866 1138 decus
899 1086 1003 1139 hoc
1035 1085 1318 1154 patriaque
1351 1086 1619 1156 domoque
1656 1086 1896 1142 carebit?

209 1157 296 1213 Sic
335 1163 492 1213 uates
534 1175 885 1229 gressumque
925 1160 1073 1212 lacus
1113 1161 1364 1212 uertebat
1404 1160 1472 1213 ad
1512 1164 1673 1214 atros.

282 1234 420 1286 Tum
459 1232 689 1286 iuuenis:
731 1232 1140 1302 ‘Quaecumque
1180 1234 1341 1286 datur
1381 1252 1497 1287 sors
1539 1233 1724 1287 durior
1758 1236 1895 1305 aeui,

202 1306 562 1376 Obnitemur,'
604 1308 697 1378 ait,
735 1307 923 1376 eculpa
962 1307 1124 1360 modo
1164 1311 1385 1377 pectora
1425 1311 1650 1362 cessent.

210 1381 331 1450 Sed,
369 1385 424 1434 te
465 1399 576 1449 or0,
617 1381 833 1450 quando
873 1381 1018 1433 uitae
1058 1380 1163 1433 tibi
1201 1399 1364 1435 causa
1402 1381 1616 1435 labores

207 1455 492 1509 Humanos
531 1455 734 1508 iuuisse
772 1454 894 1525 fuit,
934 1454 1080 1523 siste,
1119 1455 1309 1509 inclita
1346 1455 1524 1525 uirgO,
1806 1469 1894 1510 520

206 1530 491 1598 Paulisper
529 1546 778 1599 gressum
819 1532 872 1581 et
909 1529 1068 1582 nobis
1110 1530 1389 1598 manisque
1429 1530 1686 1583 silentum

207 1604 484 1656 Enumera
517 1601 844 1673 Stygiaeque
884 1603 1034 1672 aperi
1069 1602 1376 1656 formidinis
1418 1602 1632 1656 aulam?

283 1676 493 1730 Annuit
531 1677 631 1730 illa
671 1678 901 1747 quidem,
942 1677 1057 1730 sed:
1099 1676 1253 1731 ‘Non
1293 1677 1531 1747 optanda
1568 1677 1802 1731 recludis

210 1750 433 1821 Regna,'
449 1752 541 1804 ait.
566 1750 674 1803 ‘hio
686 1751 939 1803 tenebras
951 1750 1204 1803 habitant
1217 1752 1555 1820 uolitantque
1568 1769 1663 1819 per
1678 1751 1898 1803 umbras

208 1825 489 1877 Innumeri
529 1825 802 1893 quondam
839 1824 1041 1892 populi.
1105 1824 1294 1876 domus
1329 1826 1577 1877 omnibus
1610 1842 1734 1878 una.
1809 1837 1898 1877 525

210 1899 277 1952 In
316 1899 495 1951 medio
535 1901 751 1950 uastum
790 1898 901 1950 late
942 1915 999 1949 se
1038 1897 1212 1950 tendit
1249 1897 1429 1966 inane3

210 1972 346 2039 Huc⁷
388 1971 643 2040 quicquid
682 1974 874 2040 terrae,
913 1970 1166 2040 quicquid
1204 1970 1346 2023 freta
1384 1976 1439 2024 et
1476 1971 1667 2041 igneus
1709 1989 1800 2024 aer

210 2045 463 2099 Nutriuit
502 2045 676 2114 primo
717 2045 904 2097 mundi
944 2044 1200 2113 genitalis
1242 2044 1310 2097 ab
1352 2063 1500 2111 aeu0,

219 2151 283 2157 --
305 2119 451 2172 Mors
486 2118 787 2172 communis
821 2119 937 2189 agit
960 2149 1022 2157 —
1044 2118 1371 2172 descendunt
1404 2121 1619 2189 cuncta3
1650 2118 1901 2187 capitque

216 2193 451 2262 Campus
484 2193 646 2263 inerS,
680 2197 940 2261 quantum
971 2193 1178 2245 interiit
1208 2195 1486 2261 restatque
1517 2192 1774 2244 futurum.
1814 2204 1901 2244 530

217 2266 459 2336 Cingunt
492 2283 661 2336 regna
700 2267 884 2319 decem
922 2270 1130 2335 portae:
1171 2284 1398 2335 quarum
1438 2283 1547 2318 una
1583 2267 1827 2336 receptat

214 2341 533 2410 BelligerOS,
574 2340 706 2392 dura
747 2340 970 2393 Gradiui
1010 2342 1153 2392 sorte
1193 2343 1419 2392 creatos

217 2416 423 2483 Altera,
464 2415 556 2482 qui
596 2414 733 2484 legis
774 2431 1000 2482 posuere
1042 2416 1203 2481 atque
1243 2413 1432 2466 inclita
1470 2411 1589 2465 iura

340 2592 425 2633 505
460 2602 597 2633 cerno
616 2592 687 2630 0V
718 2589 853 2632 terno
871 2592 939 2630 LE·
958 2613 1013 2620 —
1029 2586 1374 2644 properandum
1398 2587 1603 2644 Scaliyer
1631 2587 1906 2644 propostum

221 2647 415 2705 Bentley
582 2651 667 2692 507
701 2646 922 2691 Armiferi
946 2672 1002 2679 —
1029 2646 1193 2691 Hiberi
1225 2647 1369 2691 Bothe
1528 2649 1613 2690 508
1646 2646 1846 2689 martem
1878 2650 1905 2687 s

223 2710 308 2749 511
342 2706 541 2761 posthac
565 2711 701 2749 (2er
733 2707 842 2762 post
872 2707 987 2750 haec
1013 2709 1084 2748 ΟΥ
1109 2731 1164 2737 -
1188 2704 1370 2760 rapiere
1395 2704 1619 2749 Heinsius
1689 2706 1908 2760 515-post

221 2764 314 2808 hoc
345 2765 486 2808 decus
517 2779 563 2821 p.
599 2769 628 2807 0
722 2770 806 2809 517
840 2765 961 2808 Dum
985 2768 1045 2807 eh
1077 2763 1192 2808 Cum
1217 2764 1443 2808 Heinsius
1540 2767 1626 2806 519
1657 2762 1844 2817 quando
1868 2766 1906 2805 V

225 2824 459 2878 quomodo
483 2828 586 2865 LFO
617 2824 694 2877 (T.
716 2838 765 2879 p.
790 2825 908 2879 242)
1002 2828 1087 2867 523
1119 2821 1297 2867 Adnuit
1320 2827 1354 2864 F
1385 2821 1566 2866 Ad-imit
1588 2825 1620 2863 L
1651 2819 1849 2865 Adiuuit
1874 2824 1904 2863 0

222 2881 388 2924 Audiit
418 2885 455 2922 V
485 2896 542 2926 m.
568 2887 600 2927 2
636 2883 688 2926 in
720 2884 934 2927 lacunam
964 2883 1118 2927 insert.
1270 2885 1354 2925 527
1389 2894 1469 2924 aer
1500 2884 1526 2922 S
1574 2878 1735 2923 aether
1766 2880 1906 2938 uulyo

226 2944 310 2984 532
345 2940 487 2997 dura]
510 2941 652 2984 cruda
677 2941 900 2986 Heinsius
922 2967 973 2973 —
993 2941 1223 2985 crematos
1248 2940 1469 2994 Lefebure
1501 2939 1691 2982 necatos
1709 2938 1909 2996 Ruperti
