<?xml version="1.0" encoding="UTF-8"?>
<!DOCTYPE html PUBLIC "-//W3C//DTD XHTML 1.0 Transitional//EN"
    "http://www.w3.org/TR/xhtml1/DTD/xhtml1-transitional.dtd">
<html xmlns="http://www.w3.org/1999/xhtml" xml:lang="en" lang="en">
 <head>
  <title>
</title>
<meta http-equiv="Content-Type" content="text/html;charset=utf-8" />
  <meta name='ocr-system' content='tesseract 3.04.00' />
  <meta name='ocr-capabilities' content='ocr_page ocr_carea ocr_par ocr_line ocrx_word'/>
</head>
<body>
  <div class='ocr_page' id='page_1' title='image "./punicasili02siliuoft/punicasili02siliuoft_0186.png"; bbox 0 0 1988 3190; ppageno 0'>
   <div class='ocr_carea' id='block_1_1' title="bbox 225 125 1268 180">
    <p class='ocr_par' dir='ltr' id='par_1_1' title="bbox 225 125 1268 180">
     <span class='ocr_line' id='line_1_1' title="bbox 225 125 1268 180; baseline -0.001 -7"><span class='ocrx_word' id='word_1_1' title='bbox 225 125 332 180; x_wconf 80' lang='grc'>172</span> <span class='ocrx_word' id='word_1_2' title='bbox 897 127 1011 173; x_wconf 84' lang='lat' dir='ltr'>SILI</span> <span class='ocrx_word' id='word_1_3' title='bbox 1040 127 1268 173; x_wconf 87' lang='lat' dir='ltr'>ITALICI</span> 
     </span>
    </p>
   </div>
   <div class='ocr_carea' id='block_1_2' title="bbox 220 261 1920 2258">
    <p class='ocr_par' dir='ltr' id='par_1_2' title="bbox 220 261 1918 780">
     <span class='ocr_line' id='line_1_2' title="bbox 223 261 1531 334; baseline 0 -18"><span class='ocrx_word' id='word_1_4' title='bbox 223 261 359 316; x_wconf 90' lang='lat' dir='ltr'>Tum</span> <span class='ocrx_word' id='word_1_5' title='bbox 400 263 602 334; x_wconf 89' lang='lat' dir='ltr'>Uenus,</span> <span class='ocrx_word' id='word_1_6' title='bbox 643 263 809 317; x_wconf 86' lang='lat' dir='ltr'>emoti</span> <span class='ocrx_word' id='word_1_7' title='bbox 847 262 986 319; x_wconf 86' lang='lat' dir='ltr'>facie</span> <span class='ocrx_word' id='word_1_8' title='bbox 1026 264 1322 318; x_wconf 86' lang='lat' dir='ltr'>conterrita</span> <span class='ocrx_word' id='word_1_9' title='bbox 1359 263 1531 334; x_wconf 86' lang='lat' dir='ltr'>ponti,</span> 
     </span>
     <span class='ocr_line' id='line_1_3' title="bbox 223 337 1753 410; baseline 0.001 -20"><span class='ocrx_word' id='word_1_10' title='bbox 223 337 448 391; x_wconf 84' lang='lat' dir='ltr'>Talibus</span> <span class='ocrx_word' id='word_1_11' title='bbox 489 338 785 408; x_wconf 73' lang='lat' dir='ltr'><strong>alloquitur</strong></span> <span class='ocrx_word' id='word_1_12' title='bbox 823 355 1008 410; x_wconf 88' lang='lat' dir='ltr'>regem</span> <span class='ocrx_word' id='word_1_13' title='bbox 1048 338 1237 392; x_wconf 86' lang='lat' dir='ltr'>maris:</span> <span class='ocrx_word' id='word_1_14' title='bbox 1278 337 1425 392; x_wconf 78' lang='lat' dir='ltr'>‘Hoc</span> <span class='ocrx_word' id='word_1_15' title='bbox 1466 338 1599 391; x_wconf 85' lang='lat' dir='ltr'>satis</span> <span class='ocrx_word' id='word_1_16' title='bbox 1637 337 1753 392; x_wconf 83' lang='lat' dir='ltr'>irae</span> 
     </span>
     <span class='ocr_line' id='line_1_4' title="bbox 220 411 1918 481; baseline 0.002 -18"><span class='ocrx_word' id='word_1_17' title='bbox 220 411 453 476; x_wconf 88' lang='lat' dir='ltr'>Interea,</span> <span class='ocrx_word' id='word_1_18' title='bbox 494 413 733 481; x_wconf 83' lang='lat' dir='ltr'>genitor3</span> <span class='ocrx_word' id='word_1_19' title='bbox 773 413 909 466; x_wconf 91' lang='lat' dir='ltr'>satis</span> <span class='ocrx_word' id='word_1_20' title='bbox 950 412 1017 465; x_wconf 88' lang='lat' dir='ltr'>ad</span> <span class='ocrx_word' id='word_1_21' title='bbox 1055 412 1263 466; x_wconf 86' lang='lat' dir='ltr'>maiora</span> <span class='ocrx_word' id='word_1_22' title='bbox 1301 413 1587 465; x_wconf 87' lang='lat' dir='ltr'>minarum.</span> <span class='ocrx_word' id='word_1_23' title='bbox 1830 425 1918 467; x_wconf 86' lang='grc'>285</span> 
     </span>
     <span class='ocr_line' id='line_1_5' title="bbox 224 484 1665 557; baseline 0.001 -19"><span class='ocrx_word' id='word_1_24' title='bbox 224 484 416 539; x_wconf 82' lang='lat' dir='ltr'>Cetera</span> <span class='ocrx_word' id='word_1_25' title='bbox 454 504 628 555; x_wconf 86' lang='lat' dir='ltr'>parce,</span> <span class='ocrx_word' id='word_1_26' title='bbox 665 505 872 556; x_wconf 82' lang='lat' dir='ltr'>precor,</span> <span class='ocrx_word' id='word_1_27' title='bbox 910 487 1123 557; x_wconf 84' lang='lat' dir='ltr'>pelago,</span> <span class='ocrx_word' id='word_1_28' title='bbox 1162 505 1230 539; x_wconf 91' lang='lat' dir='ltr'>ne</span> <span class='ocrx_word' id='word_1_29' title='bbox 1269 487 1432 540; x_wconf 90' lang='lat' dir='ltr'>tollat</span> <span class='ocrx_word' id='word_1_30' title='bbox 1469 486 1665 540; x_wconf 87' lang='lat' dir='ltr'>acerba</span> 
     </span>
     <span class='ocr_line' id='line_1_6' title="bbox 223 558 1609 631; baseline 0.002 -20"><span class='ocrx_word' id='word_1_31' title='bbox 223 558 344 612; x_wconf 92' lang='lat' dir='ltr'>Hoc</span> <span class='ocrx_word' id='word_1_32' title='bbox 385 558 664 631; x_wconf 86' lang='lat' dir='ltr'>Carthago</span> <span class='ocrx_word' id='word_1_33' title='bbox 705 561 881 629; x_wconf 77' lang='lat' dir='ltr'>decuS,</span> <span class='ocrx_word' id='word_1_34' title='bbox 920 561 1071 614; x_wconf 89' lang='lat' dir='ltr'>nullo</span> <span class='ocrx_word' id='word_1_35' title='bbox 1113 561 1420 630; x_wconf 79' lang='lat' dir='ltr'>superabile</span> <span class='ocrx_word' id='word_1_36' title='bbox 1460 560 1609 614; x_wconf 89' lang='lat' dir='ltr'>bello</span> 
     </span>
     <span class='ocr_line' id='line_1_7' title="bbox 221 606 1701 705; baseline 0.001 -19"><span class='ocrx_word' id='word_1_37' title='bbox 221 632 586 703; x_wconf 87' lang='lat' dir='ltr'>Progenuisse</span> <span class='ocrx_word' id='word_1_38' title='bbox 594 606 804 705; x_wconf 54' lang='lat' dir='ltr'>t’caput,</span> <span class='ocrx_word' id='word_1_39' title='bbox 841 637 1166 704; x_wconf 87' lang='lat' dir='ltr'>nostrosque</span> <span class='ocrx_word' id='word_1_40' title='bbox 1206 635 1264 687; x_wconf 91' lang='lat' dir='ltr'>in</span> <span class='ocrx_word' id='word_1_41' title='bbox 1301 635 1493 688; x_wconf 88' lang='lat' dir='ltr'>funera</span> <span class='ocrx_word' id='word_1_42' title='bbox 1530 633 1701 688; x_wconf 87' lang='lat' dir='ltr'>Poeni</span> 
     </span>
     <span class='ocr_line' id='line_1_8' title="bbox 223 706 1561 780; baseline 0.002 -21"><span class='ocrx_word' id='word_1_43' title='bbox 223 708 509 761; x_wconf 81' lang='lat' dir='ltr'>Aeneadas</span> <span class='ocrx_word' id='word_1_44' title='bbox 548 708 704 762; x_wconf 91' lang='lat' dir='ltr'>undis</span> <span class='ocrx_word' id='word_1_45' title='bbox 744 711 969 778; x_wconf 85' lang='lat' dir='ltr'>totoque</span> <span class='ocrx_word' id='word_1_46' title='bbox 1010 709 1223 780; x_wconf 88' lang='lat' dir='ltr'>eguisse</span> <span class='ocrx_word' id='word_1_47' title='bbox 1255 706 1561 778; x_wconf 62' lang='lat' dir='ltr'>profundo?</span> 
     </span>
    </p>

    <p class='ocr_par' dir='ltr' id='par_1_3' title="bbox 228 780 1920 927">
     <span class='ocr_line' id='line_1_9' title="bbox 299 780 1920 853; baseline 0.001 -18"><span class='ocrx_word' id='word_1_48' title='bbox 299 780 387 835; x_wconf 82' lang='lat' dir='ltr'>Sic</span> <span class='ocrx_word' id='word_1_49' title='bbox 412 781 596 835; x_wconf 89' lang='lat' dir='ltr'>Uenus</span> <span class='ocrx_word' id='word_1_50' title='bbox 628 812 689 820; x_wconf 92' lang='grc'><strong>-</strong></span> <span class='ocrx_word' id='word_1_51' title='bbox 720 785 775 835; x_wconf 91' lang='lat' dir='ltr'>et</span> <span class='ocrx_word' id='word_1_52' title='bbox 798 782 995 836; x_wconf 88' lang='lat' dir='ltr'>tumidi</span> <span class='ocrx_word' id='word_1_53' title='bbox 1026 783 1314 836; x_wconf 84' lang='lat' dir='ltr'>considunt</span> <span class='ocrx_word' id='word_1_54' title='bbox 1346 783 1564 853; x_wconf 87' lang='lat' dir='ltr'>gurgite</span> <span class='ocrx_word' id='word_1_55' title='bbox 1594 782 1791 836; x_wconf 87' lang='lat' dir='ltr'>fluctus</span> <span class='ocrx_word' id='word_1_56' title='bbox 1831 795 1920 836; x_wconf 88' lang='grc'>290</span> 
     </span>
     <span class='ocr_line' id='line_1_10' title="bbox 228 853 1752 927; baseline 0.002 -20"><span class='ocrx_word' id='word_1_57' title='bbox 228 853 508 926; x_wconf 89' lang='lat' dir='ltr'>Obuiaque</span> <span class='ocrx_word' id='word_1_58' title='bbox 549 857 789 910; x_wconf 90' lang='lat' dir='ltr'>aduersis</span> <span class='ocrx_word' id='word_1_59' title='bbox 829 857 1142 926; x_wconf 85' lang='lat' dir='ltr'>propellunt</span> <span class='ocrx_word' id='word_1_60' title='bbox 1180 858 1401 927; x_wconf 86' lang='lat' dir='ltr'>agmina</span> <span class='ocrx_word' id='word_1_61' title='bbox 1440 856 1649 910; x_wconf 85' lang='lat' dir='ltr'>castris.</span> <span class='ocrx_word' id='word_1_62' title='bbox 1686 885 1752 895; x_wconf 93' lang='lat'>—</span> 
     </span>
    </p>

    <p class='ocr_par' dir='ltr' id='par_1_4' title="bbox 221 929 1920 2258">
     <span class='ocr_line' id='line_1_11' title="bbox 299 929 1795 1002; baseline 0.001 -20"><span class='ocrx_word' id='word_1_63' title='bbox 299 929 440 1000; x_wconf 86' lang='lat' dir='ltr'>Dux,</span> <span class='ocrx_word' id='word_1_64' title='bbox 479 934 636 984; x_wconf 90' lang='lat' dir='ltr'>uetus</span> <span class='ocrx_word' id='word_1_65' title='bbox 677 949 949 984; x_wconf 89' lang='lat' dir='ltr'>armorum</span> <span class='ocrx_word' id='word_1_66' title='bbox 991 932 1262 1002; x_wconf 91' lang='lat' dir='ltr'>scitusque</span> <span class='ocrx_word' id='word_1_67' title='bbox 1302 931 1591 985; x_wconf 85' lang='lat' dir='ltr'>accendere</span> <span class='ocrx_word' id='word_1_68' title='bbox 1631 929 1795 984; x_wconf 83' lang='lat' dir='ltr'>corda</span> 
     </span>
     <span class='ocr_line' id='line_1_12' title="bbox 221 1002 1592 1074; baseline 0.001 -18"><span class='ocrx_word' id='word_1_69' title='bbox 221 1002 515 1073; x_wconf 81' lang='lat' dir='ltr'>Laudibus,</span> <span class='ocrx_word' id='word_1_70' title='bbox 555 1005 788 1074; x_wconf 87' lang='lat' dir='ltr'>ignifero</span> <span class='ocrx_word' id='word_1_71' title='bbox 829 1007 1036 1058; x_wconf 90' lang='lat' dir='ltr'>mentes</span> <span class='ocrx_word' id='word_1_72' title='bbox 1076 1005 1318 1059; x_wconf 87' lang='lat' dir='ltr'>furiabat</span> <span class='ocrx_word' id='word_1_73' title='bbox 1355 1007 1413 1058; x_wconf 90' lang='lat' dir='ltr'>in</span> <span class='ocrx_word' id='word_1_74' title='bbox 1449 1005 1592 1058; x_wconf 87' lang='lat' dir='ltr'>iram</span> 
     </span>
     <span class='ocr_line' id='line_1_13' title="bbox 222 1077 1606 1148; baseline 0.001 -18"><span class='ocrx_word' id='word_1_75' title='bbox 222 1077 465 1131; x_wconf 88' lang='lat' dir='ltr'>Hortatu</span> <span class='ocrx_word' id='word_1_76' title='bbox 506 1078 819 1148; x_wconf 86' lang='lat' dir='ltr'>decorisque</span> <span class='ocrx_word' id='word_1_77' title='bbox 859 1080 1053 1132; x_wconf 85' lang='lat' dir='ltr'>urebat</span> <span class='ocrx_word' id='word_1_78' title='bbox 1090 1082 1312 1148; x_wconf 77' lang='lat' dir='ltr'>pectora</span> <span class='ocrx_word' id='word_1_79' title='bbox 1351 1079 1606 1132; x_wconf 88' lang='lat' dir='ltr'>flammis:</span> 
     </span>
     <span class='ocr_line' id='line_1_14' title="bbox 227 1150 1919 1221; baseline 0.001 -17"><span class='ocrx_word' id='word_1_80' title='bbox 227 1150 338 1204; x_wconf 73' lang='lat' dir='ltr'>‘Tu</span> <span class='ocrx_word' id='word_1_81' title='bbox 377 1151 512 1204; x_wconf 86' lang='lat' dir='ltr'>mihi</span> <span class='ocrx_word' id='word_1_82' title='bbox 553 1151 809 1205; x_wconf 89' lang='lat' dir='ltr'>Flaminii</span> <span class='ocrx_word' id='word_1_83' title='bbox 848 1157 1036 1221; x_wconf 80' lang='lat' dir='ltr'>portas</span> <span class='ocrx_word' id='word_1_84' title='bbox 1076 1154 1317 1206; x_wconf 86' lang='lat' dir='ltr'>rorantia</span> <span class='ocrx_word' id='word_1_85' title='bbox 1357 1152 1500 1206; x_wconf 90' lang='lat' dir='ltr'>caesi</span> <span class='ocrx_word' id='word_1_86' title='bbox 1832 1165 1919 1206; x_wconf 83' lang='lat'>295</span> 
     </span>
     <span class='ocr_line' id='line_1_15' title="bbox 224 1224 1695 1296; baseline 0 -18"><span class='ocrx_word' id='word_1_87' title='bbox 224 1224 332 1278; x_wconf 89' lang='lat' dir='ltr'>Ora</span> <span class='ocrx_word' id='word_1_88' title='bbox 373 1226 543 1296; x_wconf 82' lang='lat' dir='ltr'>ducis3</span> <span class='ocrx_word' id='word_1_89' title='bbox 585 1244 749 1280; x_wconf 90' lang='lat' dir='ltr'>nosco</span> <span class='ocrx_word' id='word_1_90' title='bbox 791 1226 1050 1280; x_wconf 79' lang='lat' dir='ltr'>dextram.</span> <span class='ocrx_word' id='word_1_91' title='bbox 1113 1229 1174 1280; x_wconf 87' lang='lat' dir='ltr'>tu</span> <span class='ocrx_word' id='word_1_92' title='bbox 1212 1228 1419 1295; x_wconf 89' lang='lat' dir='ltr'>primus</span> <span class='ocrx_word' id='word_1_93' title='bbox 1458 1226 1516 1279; x_wconf 93' lang='lat' dir='ltr'>in</span> <span class='ocrx_word' id='word_1_94' title='bbox 1555 1225 1695 1279; x_wconf 89' lang='lat' dir='ltr'>ictus</span> 
     </span>
     <span class='ocr_line' id='line_1_16' title="bbox 223 1298 1416 1370; baseline 0.002 -19"><span class='ocrx_word' id='word_1_95' title='bbox 223 1298 471 1369; x_wconf 89' lang='lat' dir='ltr'>Ingentis</span> <span class='ocrx_word' id='word_1_96' title='bbox 509 1300 669 1353; x_wconf 91' lang='lat' dir='ltr'>Pauli</span> <span class='ocrx_word' id='word_1_97' title='bbox 706 1301 820 1353; x_wconf 92' lang='lat' dir='ltr'>ruis</span> <span class='ocrx_word' id='word_1_98' title='bbox 861 1318 923 1353; x_wconf 88' lang='lat' dir='ltr'>ac</span> <span class='ocrx_word' id='word_1_99' title='bbox 962 1301 1152 1370; x_wconf 90' lang='lat' dir='ltr'>defigis</span> <span class='ocrx_word' id='word_1_100' title='bbox 1191 1301 1249 1352; x_wconf 92' lang='lat' dir='ltr'>in</span> <span class='ocrx_word' id='word_1_101' title='bbox 1291 1319 1416 1354; x_wconf 88' lang='lat' dir='ltr'>ossa</span> 
     </span>
     <span class='ocr_line' id='line_1_17' title="bbox 224 1373 1570 1445; baseline 0.001 -19"><span class='ocrx_word' id='word_1_102' title='bbox 224 1373 553 1427; x_wconf 90' lang='lat' dir='ltr'>Mucronem.</span> <span class='ocrx_word' id='word_1_103' title='bbox 614 1373 716 1427; x_wconf 89' lang='lat' dir='ltr'>tibi</span> <span class='ocrx_word' id='word_1_104' title='bbox 754 1375 1019 1445; x_wconf 83' lang='lat' dir='ltr'>pugnacis</span> <span class='ocrx_word' id='word_1_105' title='bbox 1061 1377 1347 1445; x_wconf 78' lang='lat' dir='ltr'>gestantur</span> <span class='ocrx_word' id='word_1_106' title='bbox 1385 1374 1570 1442; x_wconf 86' lang='lat' dir='ltr'>opima</span> 
     </span>
     <span class='ocr_line' id='line_1_18' title="bbox 224 1447 1792 1519; baseline 0.001 -19"><span class='ocrx_word' id='word_1_107' title='bbox 224 1447 483 1502; x_wconf 88' lang='lat' dir='ltr'>Marcelli.</span> <span class='ocrx_word' id='word_1_108' title='bbox 546 1447 928 1519; x_wconf 81' lang='lat' dir='ltr'>Gracchusque</span> <span class='ocrx_word' id='word_1_109' title='bbox 968 1448 1165 1502; x_wconf 86' lang='lat' dir='ltr'>cadens</span> <span class='ocrx_word' id='word_1_110' title='bbox 1205 1448 1311 1502; x_wconf 87' lang='lat' dir='ltr'>tibi</span> <span class='ocrx_word' id='word_1_111' title='bbox 1348 1448 1553 1517; x_wconf 89' lang='lat' dir='ltr'>proluit</span> <span class='ocrx_word' id='word_1_112' title='bbox 1591 1465 1792 1501; x_wconf 85' lang='lat' dir='ltr'>ensem.</span> 
     </span>
     <span class='ocr_line' id='line_1_19' title="bbox 223 1521 1920 1593; baseline 0.001 -19"><span class='ocrx_word' id='word_1_113' title='bbox 223 1521 364 1575; x_wconf 86' lang='lat' dir='ltr'>Ecce</span> <span class='ocrx_word' id='word_1_114' title='bbox 405 1541 612 1591; x_wconf 82' lang='lat' dir='ltr'>manuS,</span> <span class='ocrx_word' id='word_1_115' title='bbox 652 1541 789 1592; x_wconf 91' lang='lat' dir='ltr'>quae</span> <span class='ocrx_word' id='word_1_116' title='bbox 828 1523 1140 1593; x_wconf 87' lang='lat' dir='ltr'>pulsantem</span> <span class='ocrx_word' id='word_1_117' title='bbox 1179 1525 1252 1593; x_wconf 88' lang='lat' dir='ltr'>te,</span> <span class='ocrx_word' id='word_1_118' title='bbox 1289 1522 1518 1592; x_wconf 89' lang='lat' dir='ltr'>belliger</span> <span class='ocrx_word' id='word_1_119' title='bbox 1558 1522 1719 1592; x_wconf 86' lang='lat' dir='ltr'>Appi,</span> <span class='ocrx_word' id='word_1_120' title='bbox 1833 1534 1920 1575; x_wconf 86' lang='lat'>300</span> 
     </span>
     <span class='ocr_line' id='line_1_20' title="bbox 226 1593 1551 1666; baseline 0 -18"><span class='ocrx_word' id='word_1_121' title='bbox 226 1595 443 1649; x_wconf 89' lang='lat' dir='ltr'>Moenia</span> <span class='ocrx_word' id='word_1_122' title='bbox 483 1597 731 1650; x_wconf 90' lang='lat' dir='ltr'>sublimis</span> <span class='ocrx_word' id='word_1_123' title='bbox 774 1593 990 1666; x_wconf 81' lang='lat' dir='ltr'>Capuae</span> <span class='ocrx_word' id='word_1_124' title='bbox 1031 1597 1095 1650; x_wconf 89' lang='lat' dir='ltr'>de</span> <span class='ocrx_word' id='word_1_125' title='bbox 1137 1597 1371 1650; x_wconf 89' lang='lat' dir='ltr'>culmine</span> <span class='ocrx_word' id='word_1_126' title='bbox 1411 1595 1551 1649; x_wconf 92' lang='lat' dir='ltr'>muri</span> 
     </span>
     <span class='ocr_line' id='line_1_21' title="bbox 223 1669 1520 1741; baseline 0.001 -19"><span class='ocrx_word' id='word_1_127' title='bbox 223 1669 455 1724; x_wconf 85' lang='lat' dir='ltr'>Excelso</span> <span class='ocrx_word' id='word_1_128' title='bbox 495 1670 619 1723; x_wconf 86' lang='lat' dir='ltr'>fusa</span> <span class='ocrx_word' id='word_1_129' title='bbox 658 1671 1040 1724; x_wconf 87' lang='lat' dir='ltr'>moribundum</span> <span class='ocrx_word' id='word_1_130' title='bbox 1080 1671 1309 1741; x_wconf 85' lang='lat' dir='ltr'>perculit</span> <span class='ocrx_word' id='word_1_131' title='bbox 1346 1671 1520 1723; x_wconf 88' lang='lat' dir='ltr'>hasta.</span> 
     </span>
     <span class='ocr_line' id='line_1_22' title="bbox 223 1744 1672 1814; baseline -0.001 -17"><span class='ocrx_word' id='word_1_132' title='bbox 223 1744 363 1797; x_wconf 88' lang='lat' dir='ltr'>Ecce</span> <span class='ocrx_word' id='word_1_133' title='bbox 403 1744 548 1797; x_wconf 89' lang='lat' dir='ltr'>aliud</span> <span class='ocrx_word' id='word_1_134' title='bbox 588 1745 794 1798; x_wconf 88' lang='lat' dir='ltr'>fulmen</span> <span class='ocrx_word' id='word_1_135' title='bbox 834 1745 1067 1810; x_wconf 86' lang='lat' dir='ltr'>dextrae,</span> <span class='ocrx_word' id='word_1_136' title='bbox 1107 1763 1213 1814; x_wconf 90' lang='lat' dir='ltr'>quo</span> <span class='ocrx_word' id='word_1_137' title='bbox 1252 1745 1435 1798; x_wconf 87' lang='lat' dir='ltr'>nobile</span> <span class='ocrx_word' id='word_1_138' title='bbox 1474 1761 1672 1797; x_wconf 89' lang='lat' dir='ltr'>nomen</span> 
     </span>
     <span class='ocr_line' id='line_1_23' title="bbox 224 1817 1562 1888; baseline 0.001 -18"><span class='ocrx_word' id='word_1_139' title='bbox 224 1817 453 1871; x_wconf 88' lang='lat' dir='ltr'>Fuluius</span> <span class='ocrx_word' id='word_1_140' title='bbox 494 1819 704 1888; x_wconf 86' lang='lat' dir='ltr'>excepit</span> <span class='ocrx_word' id='word_1_141' title='bbox 740 1837 851 1871; x_wconf 91' lang='lat' dir='ltr'>non</span> <span class='ocrx_word' id='word_1_142' title='bbox 889 1838 1055 1871; x_wconf 92' lang='lat' dir='ltr'>unum</span> <span class='ocrx_word' id='word_1_143' title='bbox 1094 1822 1311 1886; x_wconf 89' lang='lat' dir='ltr'>pectore</span> <span class='ocrx_word' id='word_1_144' title='bbox 1350 1819 1562 1871; x_wconf 77' lang='lat' dir='ltr'>uulnus,</span> 
     </span>
     <span class='ocr_line' id='line_1_24' title="bbox 223 1891 1912 1961; baseline 0.001 -17"><span class='ocrx_word' id='word_1_145' title='bbox 223 1891 346 1945; x_wconf 90' lang='lat' dir='ltr'>Huc</span> <span class='ocrx_word' id='word_1_146' title='bbox 385 1892 562 1961; x_wconf 86' lang='lat' dir='ltr'>prima</span> <span class='ocrx_word' id='word_1_147' title='bbox 602 1900 654 1945; x_wconf 87' lang='lat' dir='ltr'>te</span> <span class='ocrx_word' id='word_1_148' title='bbox 696 1893 828 1946; x_wconf 90' lang='lat' dir='ltr'>siste</span> <span class='ocrx_word' id='word_1_149' title='bbox 869 1892 996 1961; x_wconf 89' lang='lat' dir='ltr'>acie,</span> <span class='ocrx_word' id='word_1_150' title='bbox 1036 1892 1122 1945; x_wconf 92' lang='lat' dir='ltr'>cui</span> <span class='ocrx_word' id='word_1_151' title='bbox 1161 1893 1351 1945; x_wconf 91' lang='lat' dir='ltr'>consul</span> <span class='ocrx_word' id='word_1_152' title='bbox 1390 1892 1446 1943; x_wconf 90' lang='lat' dir='ltr'>in</span> <span class='ocrx_word' id='word_1_153' title='bbox 1486 1891 1652 1943; x_wconf 88' lang='lat' dir='ltr'>armis</span> <span class='ocrx_word' id='word_1_154' title='bbox 1826 1903 1912 1945; x_wconf 84' lang='lat'>305</span> 
     </span>
     <span class='ocr_line' id='line_1_25' title="bbox 225 1963 1670 2035; baseline 0 -18"><span class='ocrx_word' id='word_1_155' title='bbox 225 1963 508 2035; x_wconf 84' lang='lat' dir='ltr'>Crispinus</span> <span class='ocrx_word' id='word_1_156' title='bbox 550 1966 758 2020; x_wconf 85' lang='lat' dir='ltr'>cecidit.</span> <span class='ocrx_word' id='word_1_157' title='bbox 819 1984 903 2018; x_wconf 92' lang='lat' dir='ltr'>me</span> <span class='ocrx_word' id='word_1_158' title='bbox 945 1970 1004 2018; x_wconf 87' lang='lat' dir='ltr'>tu</span> <span class='ocrx_word' id='word_1_159' title='bbox 1043 1966 1303 2019; x_wconf 89' lang='lat' dir='ltr'>comitare</span> <span class='ocrx_word' id='word_1_160' title='bbox 1342 1983 1438 2034; x_wconf 87' lang='lat' dir='ltr'>per</span> <span class='ocrx_word' id='word_1_161' title='bbox 1476 1965 1670 2033; x_wconf 81' lang='lat' dir='ltr'>hostiS‚</span> 
     </span>
     <span class='ocr_line' id='line_1_26' title="bbox 225 2037 1699 2109; baseline -0.001 -17"><span class='ocrx_word' id='word_1_162' title='bbox 225 2037 330 2101; x_wconf 85' lang='lat' dir='ltr'>Qui</span> <span class='ocrx_word' id='word_1_163' title='bbox 367 2039 540 2109; x_wconf 81' lang='lat' dir='ltr'>nobis,</span> <span class='ocrx_word' id='word_1_164' title='bbox 580 2041 815 2109; x_wconf 85' lang='lat' dir='ltr'>memini,</span> <span class='ocrx_word' id='word_1_165' title='bbox 856 2039 922 2092; x_wconf 88' lang='lat' dir='ltr'>ad</span> <span class='ocrx_word' id='word_1_166' title='bbox 964 2037 1178 2094; x_wconf 79' lang='lat' dir='ltr'>Cannas</span> <span class='ocrx_word' id='word_1_167' title='bbox 1218 2039 1549 2092; x_wconf 86' lang='lat' dir='ltr'>laetissimus</span> <span class='ocrx_word' id='word_1_168' title='bbox 1589 2038 1699 2091; x_wconf 90' lang='lat' dir='ltr'>irae</span> 
     </span>
     <span class='ocr_line' id='line_1_27' title="bbox 224 2111 1374 2167; baseline 0 -2"><span class='ocrx_word' id='word_1_169' title='bbox 224 2111 420 2166; x_wconf 82' lang='lat' dir='ltr'>Seruili</span> <span class='ocrx_word' id='word_1_170' title='bbox 458 2113 567 2166; x_wconf 90' lang='lat' dir='ltr'>fers</span> <span class='ocrx_word' id='word_1_171' title='bbox 609 2132 704 2167; x_wconf 88' lang='lat' dir='ltr'>ora</span> <span class='ocrx_word' id='word_1_172' title='bbox 744 2114 892 2167; x_wconf 89' lang='lat' dir='ltr'>ducis</span> <span class='ocrx_word' id='word_1_173' title='bbox 934 2114 1128 2167; x_wconf 88' lang='lat' dir='ltr'>suffixa</span> <span class='ocrx_word' id='word_1_174' title='bbox 1167 2116 1374 2167; x_wconf 89' lang='lat' dir='ltr'>ueruto.</span> 
     </span>
     <span class='ocr_line' id='line_1_28' title="bbox 227 2184 1652 2258; baseline 0 -19"><span class='ocrx_word' id='word_1_175' title='bbox 227 2184 400 2241; x_wconf 87' lang='lat' dir='ltr'>Cerno</span> <span class='ocrx_word' id='word_1_176' title='bbox 440 2187 727 2258; x_wconf 89' lang='lat' dir='ltr'>flagrantis</span> <span class='ocrx_word' id='word_1_177' title='bbox 769 2189 954 2242; x_wconf 91' lang='lat' dir='ltr'>oculos</span> <span class='ocrx_word' id='word_1_178' title='bbox 994 2188 1314 2257; x_wconf 90' lang='lat' dir='ltr'>uultumque</span> <span class='ocrx_word' id='word_1_179' title='bbox 1353 2186 1652 2240; x_wconf 85' lang='lat' dir='ltr'>timendum</span> 
     </span>
    </p>
   </div>
   <div class='ocr_carea' id='block_1_3' title="bbox 226 2291 580 2297">
    <p class='ocr_par' dir='ltr' id='par_1_5' title="bbox 226 2291 580 2297">
     <span class='ocr_line' id='line_1_29' title="bbox 226 2291 580 2297; baseline 0 0"><span class='ocrx_word' id='word_1_180' title='bbox 226 2291 580 2297; x_wconf 95' lang='lat' dir='ltr'> </span> 
     </span>
    </p>
   </div>
   <div class='ocr_carea' id='block_1_4' title="bbox 222 2345 1922 2996">
    <p class='ocr_par' dir='ltr' id='par_1_6' title="bbox 222 2345 1921 2996">
     <span class='ocr_line' id='line_1_30' title="bbox 343 2345 1920 2403; baseline 0 -12"><span class='ocrx_word' id='word_1_181' title='bbox 343 2351 429 2392; x_wconf 83' lang='lat'>283</span> <span class='ocrx_word' id='word_1_182' title='bbox 476 2347 594 2392; x_wconf 87' lang='lat' dir='ltr'>Tum</span> <span class='ocrx_word' id='word_1_183' title='bbox 641 2361 725 2394; x_wconf 83' lang='lat' dir='ltr'>scr.</span> <span class='ocrx_word' id='word_1_184' title='bbox 767 2348 881 2392; x_wconf 87' lang='lat' dir='ltr'>Cum</span> <span class='ocrx_word' id='word_1_185' title='bbox 915 2352 941 2390; x_wconf 79' lang='lat' dir='ltr'>s</span> <span class='ocrx_word' id='word_1_186' title='bbox 1124 2352 1210 2394; x_wconf 81' lang='grc'>285</span> <span class='ocrx_word' id='word_1_187' title='bbox 1262 2347 1466 2403; x_wconf 87' lang='lat' dir='ltr'>Interea]</span> <span class='ocrx_word' id='word_1_188' title='bbox 1513 2346 1728 2391; x_wconf 81' lang='lat' dir='ltr'>Internae</span> <span class='ocrx_word' id='word_1_189' title='bbox 1773 2345 1920 2391; x_wconf 79' lang='lat' dir='ltr'>Bothe</span> 
     </span>
     <span class='ocr_line' id='line_1_31' title="bbox 224 2404 1921 2475; baseline -0.001 -24"><span class='ocrx_word' id='word_1_190' title='bbox 224 2411 309 2452; x_wconf 84' lang='grc'>289</span> <span class='ocrx_word' id='word_1_191' title='bbox 344 2407 560 2475; x_wconf 82' lang='lat' dir='ltr'>totoque]</span> <span class='ocrx_word' id='word_1_192' title='bbox 595 2408 817 2463; x_wconf 88' lang='lat' dir='ltr'>motoque</span> <span class='ocrx_word' id='word_1_193' title='bbox 849 2407 1074 2452; x_wconf 80' lang='lat' dir='ltr'>Heinsius</span> <span class='ocrx_word' id='word_1_194' title='bbox 1253 2411 1337 2452; x_wconf 89' lang='grc'>291</span> <span class='ocrx_word' id='word_1_195' title='bbox 1372 2406 1558 2464; x_wconf 85' lang='lat' dir='ltr'>castris]</span> <span class='ocrx_word' id='word_1_196' title='bbox 1598 2404 1814 2449; x_wconf 82' lang='lat' dir='ltr'>transtris</span> <span class='ocrx_word' id='word_1_197' title='bbox 1844 2405 1921 2450; x_wconf 81' lang='lat' dir='ltr'>uel</span> 
     </span>
     <span class='ocr_line' id='line_1_32' title="bbox 227 2465 1920 2512; baseline -0.001 -3"><span class='ocrx_word' id='word_1_198' title='bbox 227 2466 388 2511; x_wconf 83' lang='lat' dir='ltr'>rostris</span> <span class='ocrx_word' id='word_1_199' title='bbox 419 2466 648 2511; x_wconf 86' lang='lat' dir='ltr'>Heinsius</span> <span class='ocrx_word' id='word_1_200' title='bbox 679 2491 734 2499; x_wconf 90' lang='lat'>-—</span> <span class='ocrx_word' id='word_1_201' title='bbox 766 2467 995 2512; x_wconf 79' lang='lat' dir='ltr'>Barthius</span> <span class='ocrx_word' id='word_1_202' title='bbox 1026 2471 1067 2511; x_wconf 84' lang='lat' dir='ltr'>et</span> <span class='ocrx_word' id='word_1_203' title='bbox 1090 2467 1316 2511; x_wconf 75' lang='lat' dir='ltr'>Heinsius</span> <span class='ocrx_word' id='word_1_204' title='bbox 1345 2467 1428 2511; x_wconf 82' lang='lat' dir='ltr'>hoc</span> <span class='ocrx_word' id='word_1_205' title='bbox 1461 2467 1554 2510; x_wconf 84' lang='lat' dir='ltr'>loco</span> <span class='ocrx_word' id='word_1_206' title='bbox 1572 2465 1800 2509; x_wconf 78' lang='lat' dir='ltr'>lacunam</span> <span class='ocrx_word' id='word_1_207' title='bbox 1831 2476 1920 2509; x_wconf 87' lang='lat' dir='ltr'>esse</span> 
     </span>
     <span class='ocr_line' id='line_1_33' title="bbox 225 2523 1922 2584; baseline -0.001 -15"><span class='ocrx_word' id='word_1_208' title='bbox 225 2526 517 2581; x_wconf 71' lang='lat' dir='ltr'>emistimant,·</span> <span class='ocrx_word' id='word_1_209' title='bbox 548 2527 599 2571; x_wconf 83' lang='lat' dir='ltr'>id</span> <span class='ocrx_word' id='word_1_210' title='bbox 629 2529 764 2584; x_wconf 74' lang='lat' dir='ltr'>neyat</span> <span class='ocrx_word' id='word_1_211' title='bbox 787 2525 994 2582; x_wconf 83' lang='lat' dir='ltr'>Ernesti,</span> <span class='ocrx_word' id='word_1_212' title='bbox 1026 2540 1154 2583; x_wconf 79' lang='lat' dir='ltr'>quem</span> <span class='ocrx_word' id='word_1_213' title='bbox 1185 2539 1356 2582; x_wconf 77' lang='lat' dir='ltr'>sequor.</span> <span class='ocrx_word' id='word_1_214' title='bbox 1403 2525 1551 2570; x_wconf 83' lang='lat' dir='ltr'>Bothe</span> <span class='ocrx_word' id='word_1_215' title='bbox 1579 2524 1646 2568; x_wconf 86' lang='lat' dir='ltr'>sie</span> <span class='ocrx_word' id='word_1_216' title='bbox 1677 2524 1716 2567; x_wconf 86' lang='lat' dir='ltr'>le</span> <span class='ocrx_word' id='word_1_217' title='bbox 1746 2523 1764 2567; x_wconf 79' lang='lat' dir='ltr'>i</span> <span class='ocrx_word' id='word_1_218' title='bbox 1793 2523 1922 2568; x_wconf 77' lang='lat' dir='ltr'>uult.-</span> 
     </span>
     <span class='ocr_line' id='line_1_34' title="bbox 228 2582 1918 2641; baseline -0.001 -14"><span class='ocrx_word' id='word_1_219' title='bbox 228 2583 303 2628; x_wconf 82' lang='lat' dir='ltr'>Sic</span> <span class='ocrx_word' id='word_1_220' title='bbox 328 2610 384 2617; x_wconf 91' lang='lat'>—</span> <span class='ocrx_word' id='word_1_221' title='bbox 410 2584 590 2630; x_wconf 85' lang='lat' dir='ltr'>fluctus.</span> <span class='ocrx_word' id='word_1_222' title='bbox 656 2585 808 2629; x_wconf 88' lang='lat' dir='ltr'>Obuia</span> <span class='ocrx_word' id='word_1_223' title='bbox 840 2587 892 2628; x_wconf 90' lang='lat' dir='ltr'>ut</span> <span class='ocrx_word' id='word_1_224' title='bbox 923 2585 1028 2629; x_wconf 87' lang='lat' dir='ltr'>adu.</span> <span class='ocrx_word' id='word_1_225' title='bbox 1063 2584 1372 2641; x_wconf 86' lang='lat' dir='ltr'>propulerunt</span> <span class='ocrx_word' id='word_1_226' title='bbox 1402 2596 1442 2628; x_wconf 80' lang='lat' dir='ltr'>a.</span> <span class='ocrx_word' id='word_1_227' title='bbox 1476 2582 1663 2639; x_wconf 83' lang='lat' dir='ltr'>castris,</span> <span class='ocrx_word' id='word_1_228' title='bbox 1746 2596 1807 2626; x_wconf 87' lang='lat' dir='ltr'>ux</span> <span class='ocrx_word' id='word_1_229' title='bbox 1832 2614 1842 2626; x_wconf 88' lang='lat'>.</span> <span class='ocrx_word' id='word_1_230' title='bbox 1867 2617 1877 2627; x_wconf 91' lang='lat'><strong>.</strong></span> <span class='ocrx_word' id='word_1_231' title='bbox 1906 2614 1918 2626; x_wconf 88' lang='lat'>.</span> 
     </span>
     <span class='ocr_line' id='line_1_35' title="bbox 232 2641 1920 2709; baseline -0.001 -23"><span class='ocrx_word' id='word_1_232' title='bbox 232 2648 318 2688; x_wconf 87' lang='grc'>293</span> <span class='ocrx_word' id='word_1_233' title='bbox 351 2643 446 2687; x_wconf 87' lang='lat' dir='ltr'>iras</span> <span class='ocrx_word' id='word_1_234' title='bbox 479 2647 516 2685; x_wconf 86' lang='lat' dir='ltr'><strong>V</strong></span> <span class='ocrx_word' id='word_1_235' title='bbox 691 2648 777 2687; x_wconf 83' lang='lat'>295</span> <span class='ocrx_word' id='word_1_236' title='bbox 812 2643 955 2709; x_wconf 86' lang='lat' dir='ltr'>caesi]</span> <span class='ocrx_word' id='word_1_237' title='bbox 991 2643 1131 2688; x_wconf 83' lang='lat' dir='ltr'>caede</span> <span class='ocrx_word' id='word_1_238' title='bbox 1163 2643 1354 2688; x_wconf 80' lang='lat' dir='ltr'>Ernesti</span> <span class='ocrx_word' id='word_1_239' title='bbox 1521 2645 1608 2686; x_wconf 82' lang='lat'>296</span> <span class='ocrx_word' id='word_1_240' title='bbox 1639 2641 1803 2699; x_wconf 87' lang='lat' dir='ltr'>nosco]</span> <span class='ocrx_word' id='word_1_241' title='bbox 1834 2654 1920 2686; x_wconf 85' lang='lat' dir='ltr'>nos</span> 
     </span>
     <span class='ocr_line' id='line_1_36' title="bbox 226 2700 1919 2759; baseline -0.001 -14"><span class='ocrx_word' id='word_1_242' title='bbox 226 2715 318 2757; x_wconf 92' lang='lat' dir='ltr'>quo</span> <span class='ocrx_word' id='word_1_243' title='bbox 353 2706 424 2745; x_wconf 87' lang='lat' dir='ltr'>OV</span> <span class='ocrx_word' id='word_1_244' title='bbox 577 2707 663 2747; x_wconf 88' lang='grc'>299</span> <span class='ocrx_word' id='word_1_245' title='bbox 696 2701 872 2759; x_wconf 85' lang='lat' dir='ltr'>perluit</span> <span class='ocrx_word' id='word_1_246' title='bbox 902 2703 1230 2747; x_wconf 74' lang='lat' dir='ltr'>Drakenborch</span> <span class='ocrx_word' id='word_1_247' title='bbox 1395 2705 1481 2746; x_wconf 90' lang='lat'>300</span> <span class='ocrx_word' id='word_1_248' title='bbox 1511 2700 1781 2757; x_wconf 82' lang='lat' dir='ltr'>pulsantem</span> <span class='ocrx_word' id='word_1_249' title='bbox 1810 2702 1919 2743; x_wconf 71' lang='lat' dir='ltr'>tes</span> 
     </span>
     <span class='ocr_line' id='line_1_37' title="bbox 223 2758 1915 2828; baseline 0 -25"><span class='ocrx_word' id='word_1_250' title='bbox 223 2761 273 2804; x_wconf 90' lang='lat' dir='ltr'>te</span> <span class='ocrx_word' id='word_1_251' title='bbox 304 2760 424 2817; x_wconf 66' lang='lat' dir='ltr'>puls</span> <span class='ocrx_word' id='word_1_252' title='bbox 458 2763 598 2820; x_wconf 76' lang='lat' dir='ltr'>uulyo</span> <span class='ocrx_word' id='word_1_253' title='bbox 740 2766 825 2806; x_wconf 86' lang='lat'>302</span> <span class='ocrx_word' id='word_1_254' title='bbox 859 2760 985 2828; x_wconf 89' lang='lat' dir='ltr'>fusa]</span> <span class='ocrx_word' id='word_1_255' title='bbox 1018 2762 1111 2806; x_wconf 83' lang='lat' dir='ltr'>fixa</span> <span class='ocrx_word' id='word_1_256' title='bbox 1141 2761 1286 2805; x_wconf 80' lang='lat' dir='ltr'>Bothe</span> <span class='ocrx_word' id='word_1_257' title='bbox 1316 2786 1374 2793; x_wconf 88' lang='lat'><em>-</em></span> <span class='ocrx_word' id='word_1_258' title='bbox 1407 2758 1609 2816; x_wconf 86' lang='lat' dir='ltr'>perculit</span> <span class='ocrx_word' id='word_1_259' title='bbox 1639 2760 1705 2804; x_wconf 82' lang='lat' dir='ltr'>ed.</span> <span class='ocrx_word' id='word_1_260' title='bbox 1741 2758 1915 2815; x_wconf 72' lang='lat' dir='ltr'>Gryph.</span> 
     </span>
     <span class='ocr_line' id='line_1_38' title="bbox 225 2816 1916 2921; baseline -0.002 -58"><span class='ocrx_word' id='word_1_261' title='bbox 225 2823 347 2864; x_wconf 80' lang='lat'><strong><em>1547</em></strong></span> <span class='ocrx_word' id='word_1_262' title='bbox 377 2821 575 2875; x_wconf 87' lang='lat' dir='ltr'>pertulit</span> <span class='ocrx_word' id='word_1_263' title='bbox 598 2825 666 2863; x_wconf 79' lang='lat' dir='ltr'>LF</span> <span class='ocrx_word' id='word_1_264' title='bbox 698 2819 931 2921; x_wconf 78' lang='lat' dir='ltr'>protulitS</span> <span class='ocrx_word' id='word_1_265' title='bbox 921 2824 988 2863; x_wconf 86' lang='lat' dir='ltr'>ov</span> <span class='ocrx_word' id='word_1_266' title='bbox 1023 2818 1236 2877; x_wconf 87' lang='lat' dir='ltr'>propulit</span> <span class='ocrx_word' id='word_1_267' title='bbox 1259 2820 1356 2864; x_wconf 84' lang='lat' dir='ltr'>edd</span> <span class='ocrx_word' id='word_1_268' title='bbox 1375 2820 1618 2875; x_wconf 77' lang='lat' dir='ltr'>pleraeque</span> <span class='ocrx_word' id='word_1_269' title='bbox 1703 2821 1791 2862; x_wconf 80' lang='lat'>305</span> <span class='ocrx_word' id='word_1_270' title='bbox 1822 2816 1916 2873; x_wconf 88' lang='lat' dir='ltr'>cui]</span> 
     </span>
     <span class='ocr_line' id='line_1_39' title="bbox 227 2875 1915 2935; baseline -0.002 -13"><span class='ocrx_word' id='word_1_271' title='bbox 227 2892 306 2922; x_wconf 85' lang='lat' dir='ltr'>cur</span> <span class='ocrx_word' id='word_1_272' title='bbox 337 2883 369 2919; x_wconf 77' lang='lat'>1.</span> <span class='ocrx_word' id='word_1_273' title='bbox 493 2883 578 2923; x_wconf 88' lang='grc'>306</span> <span class='ocrx_word' id='word_1_274' title='bbox 614 2880 946 2935; x_wconf 76' lang='lat' dir='ltr'>comitantes,</span> <span class='ocrx_word' id='word_1_275' title='bbox 979 2880 1100 2924; x_wconf 82' lang='lat' dir='ltr'>unde</span> <span class='ocrx_word' id='word_1_276' title='bbox 1130 2879 1314 2934; x_wconf 86' lang='lat' dir='ltr'>cecidit,</span> <span class='ocrx_word' id='word_1_277' title='bbox 1346 2892 1421 2923; x_wconf 89' lang='lat' dir='ltr'>me</span> <span class='ocrx_word' id='word_1_278' title='bbox 1452 2879 1549 2922; x_wconf 86' lang='lat' dir='ltr'>tum</span> <span class='ocrx_word' id='word_1_279' title='bbox 1586 2875 1838 2921; x_wconf 84' lang='lat' dir='ltr'>comitante</span> <span class='ocrx_word' id='word_1_280' title='bbox 1868 2889 1915 2931; x_wconf 89' lang='lat' dir='ltr'>p.</span> 
     </span>
     <span class='ocr_line' id='line_1_40' title="bbox 222 2934 1918 2996; baseline -0.002 -16"><span class='ocrx_word' id='word_1_281' title='bbox 222 2936 268 2984; x_wconf 84' lang='lat' dir='ltr'>h.</span> <span class='ocrx_word' id='word_1_282' title='bbox 306 2938 372 2982; x_wconf 75' lang='lat' dir='ltr'>ecl.</span> <span class='ocrx_word' id='word_1_283' title='bbox 406 2937 643 2994; x_wconf 85' lang='lat' dir='ltr'>Benessae,</span> <span class='ocrx_word' id='word_1_284' title='bbox 676 2939 794 2996; x_wconf 75' lang='lat' dir='ltr'>quod</span> <span class='ocrx_word' id='word_1_285' title='bbox 818 2939 951 2995; x_wconf 73' lang='lat' dir='ltr'>prob.</span> <span class='ocrx_word' id='word_1_286' title='bbox 974 2938 1196 2994; x_wconf 83' lang='lat' dir='ltr'>Lefebure</span> <span class='ocrx_word' id='word_1_287' title='bbox 1311 2941 1396 2982; x_wconf 79' lang='lat'>307</span> <span class='ocrx_word' id='word_1_288' title='bbox 1430 2936 1563 2982; x_wconf 87' lang='lat' dir='ltr'>nobis</span> <span class='ocrx_word' id='word_1_289' title='bbox 1587 2940 1622 2978; x_wconf 80' lang='lat' dir='ltr'>F</span> <span class='ocrx_word' id='word_1_290' title='bbox 1653 2934 1787 2980; x_wconf 81' lang='lat' dir='ltr'>uobis</span> <span class='ocrx_word' id='word_1_291' title='bbox 1810 2937 1918 2977; x_wconf 72' lang='lat' dir='ltr'>Lov</span> 
     </span>
    </p>
   </div>
  </div>
 </body>
</html>
