1988 3190
607 117 969 165 PUNICORUM
998 118 1181 163 LIBER
1210 119 1310 164 XV.
1711 123 1814 174 111

124 253 323 308 Nonne
362 254 531 325 uides,
567 255 848 308 hominum
888 257 950 307 ut
989 255 1161 308 celsos
1202 255 1270 308 ad
1311 255 1487 308 sidera
1525 256 1711 309 uultus

127 317 426 382 Sustulerit
465 329 594 382 deus
635 347 698 382 ac
738 328 993 382 sublimia
1032 329 1249 382 finxerit
1287 347 1405 398 ora,
1759 344 1815 384 85

125 400 262 456 Cum
301 403 532 472 pecudes
580 404 966 472 uolucrumque
1014 419 1184 473 genus
1231 403 1540 472 formasque
1578 402 1814 457 ferarum

126 474 359 546 Segnem
394 479 556 547 atque
590 477 911 530 obscoenam
948 477 1155 546 passim
1189 477 1475 530 strauisset
1504 477 1562 529 in
1593 478 1814 532 aluum?

122 549 211 602 Ad
251 550 438 603 laudes
479 550 738 621 genitum,
777 551 959 619 capiat
999 550 1046 603 si
1084 568 1308 603 munera
1349 551 1547 621 diuum,

120 623 275 676 Felix
315 624 384 676 ad
424 625 611 677 laudes
648 623 931 677 hominum
971 641 1155 695 genus
1217 624 1337 693 hue,
1377 642 1494 695 age,
1530 625 1753 693 paulum

118 695 323 767 Aspice
345 727 408 735 -—
430 715 529 751 nec
554 699 719 768 longe
742 701 988 767 repetam
1005 729 1078 736 —
1097 699 1257 752 modo
1283 698 1457 752 Roma
1489 699 1717 753 minanti
1757 714 1815 753 90

118 770 304 840 Impar
333 770 571 824 Fidenae
611 775 970 841 contentaque
1009 790 1248 826 crescere
1289 773 1456 842 asyle,

120 843 235 906 Quo
278 863 396 898 sese
437 846 692 898 extulerit
733 845 961 914 dextris3
1002 846 1145 900 idem
1186 846 1382 915 aspice,
1420 847 1532 898 late

119 917 391 972 Florentis
433 920 705 988 quondam
744 920 902 972 luxus
944 938 1076 989 quas
1116 920 1562 973 uerterit-urbes

119 989 330 1061 Quippe
368 1010 468 1046 nec
507 994 590 1046 ira
630 993 788 1046 deum
827 996 1041 1046 tantum
1080 1011 1178 1046 nec
1216 994 1330 1047 tela
1367 1011 1465 1046 nec
1504 995 1707 1064 hostes,

120 1064 394 1127 Quantum
435 1067 554 1120 sola
591 1085 752 1120 noces
795 1067 990 1120 animis
1030 1067 1229 1136 illapsa
1267 1066 1554 1136 Uoluptas
1752 1082 1808 1121 95

117 1139 371 1193 Ebrietas
410 1140 514 1193 tibi
551 1140 710 1194 foeda
750 1159 946 1208 comes,
984 1141 1087 1193 tibi
1125 1141 1306 1194 Luxus
1349 1144 1402 1194 et
1442 1141 1574 1194 atris

120 1211 276 1266 Circa
312 1216 368 1267 te
409 1231 620 1284 semper
658 1214 898 1268 uolitans
937 1213 1172 1267 Infamia
1209 1215 1424 1284 pennis3

118 1286 333 1340 Mecum
372 1286 564 1341 Honor
605 1306 666 1341 66
703 1287 916 1341 Laudes
957 1291 1011 1341 et
1050 1288 1193 1342 laeto
1236 1287 1426 1342 Gloria
1462 1289 1622 1341 uultu

116 1359 195 1412 Et
235 1361 410 1414 Decus
452 1379 513 1415 ac
552 1363 725 1415 niueis
761 1361 1006 1415 Uictoria
1045 1363 1296 1415 concolor
1334 1363 1448 1415 alis,

116 1432 205 1486 Me
245 1435 451 1487 cinctus
491 1435 644 1487 lauro
684 1435 934 1505 producit
973 1436 1039 1488 ad
1081 1439 1230 1488 astra
1269 1436 1614 1505 Triumphus,
1722 1450 1808 1490 100

119 1506 284 1560 Casta
322 1508 459 1560 mihi
499 1508 688 1562 domus
729 1512 784 1562 et
824 1509 969 1562 celso
1010 1512 1158 1562 stant
1198 1510 1335 1562 colle
1374 1514 1614 1579 penateS‚

116 1580 306 1634 Ardua
346 1599 539 1635 saxoso
580 1582 825 1651 perducit
865 1583 1058 1636 semita
1097 1583 1254 1636 cliuo·

118 1654 297 1723 Asper
334 1655 601 1724 principio
623 1686 687 1694 -—
707 1674 878 1726 neque
920 1657 1061 1709 enim
1093 1657 1227 1709 mihi
1259 1657 1447 1709 fallere
1479 1675 1596 1709 mos
1631 1660 1713 1710 est
1734 1688 1806 1695 —

115 1727 472 1799 Prosequitur
512 1730 682 1783 labor.
746 1730 1095 1783 annitendum
1133 1730 1335 1783 intrare
1374 1730 1597 1798 uolenti,
1780 1790 1781 1793 Ἴ

116 1801 230 1855 Ν66
269 1803 412 1856 bona
452 1804 793 1873 censendum,
833 1822 969 1873 quae
1008 1803 1143 1857 Fors
1183 1804 1349 1857 infida
1389 1804 1597 1856 dedisse
1724 1819 1808 1858 105

117 1875 298 1944 Atque
337 1876 523 1929 eadem
562 1877 807 1947 rapuisse
846 1878 1008 1931 ualet.
1071 1896 1197 1931 mox
1237 1879 1409 1931 celsus
1452 1878 1519 1930 ab
1561 1878 1671 1931 alto

116 1948 270 2002 Infra
307 1953 363 2002 te
403 1968 587 2004 cernes
627 1951 908 2005 hominum
948 1969 1132 2022 genus,
1195 1952 1377 2005 omnia
1416 1956 1605 2004 contra

115 2021 456 2091 Experienda
501 2028 742 2094 manent,
790 2043 951 2091 quam
1002 2025 1230 2094 spondet
1275 2025 1476 2078 blanda
1525 2025 1806 2095 Uoluptas

120 2094 393 2149 Stramine
431 2098 707 2165 proiectus
749 2098 879 2151 duro
919 2098 1124 2167 patiere
1166 2100 1264 2151 sub
1307 2099 1468 2152 astris

116 2167 388 2223 Insomnis
427 2175 613 2225 noctes
652 2172 930 2242 frigusque
968 2172 1272 2239 famemque
1313 2172 1575 2225 domabis.
1723 2186 1805 2224 110

114 2241 266 2295 Idem
305 2243 548 2298 iustitiae
589 2246 779 2313 cultor,
820 2244 1184 2315 quaecumque
1225 2263 1488 2315 capesseS,

238 2449 294 2490 85
334 2447 531 2491 finxerat
570 2452 606 2489 V
652 2446 804 2491 fixerit
836 2452 897 2490 ch
1093 2452 1147 2491 87
1179 2461 1370 2503 passum
1408 2452 1442 2490 F
1488 2449 1629 2504 pastu
1669 2448 1807 2493 Blass

119 2509 175 2549 88
208 2504 420 2561 genitum
453 2506 526 2548 est
549 2505 847 2551 Heinsius—
859 2511 966 2562 post
997 2506 1157 2550 diuum
1181 2507 1398 2551 distinxit
1418 2507 1613 2564 Bentley
1644 2505 1803 2551 diuum

115 2562 253 2617 felix,
298 2563 359 2607 ad
397 2565 536 2621 uulqo
727 2569 781 2608 91
816 2565 905 2608 Uix
936 2579 1021 2621 par
1050 2565 1196 2610 Bothe
1227 2591 1276 2598 —
1314 2563 1537 2622 Fidenae]
1570 2564 1804 2610 Porsenae

115 2621 315 2678 Ruperti
406 2626 461 2666 92
498 2622 594 2675 Que
628 2627 654 2664 8
747 2628 802 2667 93
835 2625 1040 2668 uerteret
1072 2628 1097 2666 s
1190 2628 1246 2668 95
1277 2636 1417 2667 110668
1449 2628 1480 2666 0
1529 2637 1667 2668 110668
1698 2629 1803 2667 LFV

118 2705 174 2712 —
206 2680 387 2723 animas
422 2685 452 2723 0
597 2685 653 2724 96
684 2681 793 2726 feda
826 2687 851 2724 8
898 2682 989 2725 fida
1018 2683 1160 2738 uulgo
1305 2687 1388 2726 100
1418 2682 1637 2738 producit
1667 2686 1802 2726 ehu?

115 2739 330 2794 perducit
361 2742 432 2781 0V
554 2743 639 2783 103
671 2753 821 2796 neque
855 2744 881 2782 8
913 2754 998 2784 1166
1028 2742 1168 2798 uulyo
1300 2743 1382 2784 105
1416 2741 1698 2786 censendum
1733 2748 1804 2784 cm

115 2797 209 2854 Ep.
245 2801 334 2842 115
383 2798 676 2842 conoendunt
707 2803 737 2841 0
779 2823 834 2831 -—
866 2799 959 2844 fors
991 2806 1063 2842 cm
1095 2801 1123 2843 l.
1150 2800 1177 2844 l.
1210 2823 1266 2832 -
1300 2798 1485 2844 dedisse
1524 2800 1678 2846 Barth
1725 2800 1802 2844 de-

118 2854 266 2901 disset
289 2861 316 2899 8
381 2860 464 2900 108
490 2857 690 2913 spondet
713 2862 786 2900 cm
810 2858 839 2902 l.
864 2858 966 2902 1.-
985 2857 1211 2914 Uoluptas
1236 2863 1308 2901 cm
1333 2859 1361 2903 l.
1380 2859 1408 2903 l.
1473 2863 1557 2904 109
1584 2859 1802 2904 Gramine

115 2927 184 2970 pr.
216 2914 343 2959 nudo
375 2914 599 2961 Schrader
