1988 3190
208 104 281 157 20
873 102 988 148 SILI
1017 102 1241 149 ITALICI

197 239 491 293 Rectorem
530 242 726 292 terrae.
784 238 920 306 uidi,
960 257 1079 292 cum
1120 239 1338 292 turbine
1378 257 1541 293 saeuo

203 312 450 367 Ausonia
489 315 544 365 et
585 313 766 366 sonitu
806 312 1067 366 bellantis
1105 313 1226 367 fusa
1263 332 1361 382 per
1401 331 1562 384 agros

201 386 314 441 Uni
352 390 512 457 terga
552 386 721 439 daret.
776 385 912 455 uidi,
952 405 1074 439 cum
1112 386 1289 440 Uarro
1330 387 1500 441 citato

200 460 526 514 Auferretur
566 478 729 530 equ0,
768 459 1027 530 proiectis
1067 461 1301 531 degener
1342 461 1525 514 armis„

203 534 344 597 Quin
386 538 440 588 et
478 533 913 605 magnanimum,
951 534 1199 604 perfosso
1232 553 1459 604 corpore
1496 535 1644 605 telis,
1811 548 1899 590 525

205 608 402 679 Strage
443 626 605 677 super
645 607 853 661 socium
891 608 1006 662 uidi
1045 612 1124 678 te,
1162 608 1356 679 Paule,
1396 610 1691 663 cadentem.

199 681 430 754 Aegatis
471 681 565 735 ille
606 684 660 734 et
701 681 923 735 seruilia
960 682 1181 736 foedera
1218 684 1371 752 larga

201 756 367 810 Ultus
409 755 569 809 caede
610 756 750 826 dies3
786 774 896 809 non
936 756 1060 825 plus
1102 759 1319 826 optasse
1360 757 1574 822 liberet,

135 852 140 856 ·
205 829 379 893 Quam
419 834 537 883 tum
577 830 846 883 concessit
885 829 1072 883 dexter
1112 831 1258 885 deus,
1314 832 1487 884 altera
1524 831 1636 884 iam
1675 832 1766 884 lux

205 903 264 957 si
303 904 432 957 talis
472 903 681 969 redeat,
718 903 937 972 populis
979 904 1051 957 sis
1093 905 1344 958 omnibus
1383 924 1493 958 una
1814 917 1901 959 530

200 977 364 1047 Tum,
405 975 702 1047 Carthago,
743 980 907 1046 caput
944 980 1224 1048 terrasque
1264 979 1439 1032 colere
1478 998 1575 1048 per
1615 979 1808 1033 omnis,

204 1051 396 1105 Testes
436 1052 496 1104 hi
536 1052 763 1122 stragiS,
802 1069 938 1120 quos
980 1053 1195 1121 signum
1234 1053 1447 1105 illustre
1488 1053 1739 1121 superbis

206 1125 328 1179 Mos
367 1126 525 1178 laeua
563 1129 776 1195 gestare
816 1123 987 1177 uiris?
1049 1125 1187 1179 Tum
1226 1126 1468 1179 funditur
1507 1129 1634 1179 ante

204 1199 315 1253 Ora
355 1199 721 1252 admirantum
760 1199 1110 1270 praefulgens
1151 1201 1345 1252 anulus
1387 1218 1543 1269 aur03

202 1273 421 1342 Datque
460 1273 623 1326 fidem
663 1273 844 1326 uerbis
883 1273 1029 1325 haud
1068 1292 1237 1341 paruo
1278 1273 1509 1344 insignis
1551 1291 1760 1327 acerne.
1817 1286 1903 1327 535

203 1347 346 1400 Hinc
385 1348 580 1400 iterum
620 1350 895 1416 repetens:
937 1346 1152 1400 ‘Restat
1188 1365 1331 1400 nunc
1372 1348 1588 1400 sedibus
1627 1347 1752 1400 imis

202 1420 482 1475 Uertenda
521 1424 683 1490 atque
723 1420 1006 1493 aequanda
1046 1421 1162 1474 solo
1203 1421 1313 1474 iam
1353 1422 1580 1474 subruta
1619 1420 1809 1475 Roma.

203 1493 569 1564 Annitamu·r,'
611 1495 703 1563 ait,
743 1493 906 1547 ‘uires
945 1494 1186 1548 refouete
1226 1497 1311 1548 tot
1349 1496 1574 1549 haustas

207 1568 462 1638 CasibUS‚
503 1573 557 1621 et
594 1571 822 1638 pateant
860 1587 972 1621 non
1010 1587 1176 1638 parca
1214 1569 1425 1630 aeraria
1465 1569 1694 1634 dextris,

206 1642 352 1705 Quas
394 1643 620 1695 emimus
662 1643 819 1696 bello.
876 1642 1005 1695 defit
1041 1643 1150 1696 iam
1189 1643 1371 1712 belua,
1411 1642 1589 1696 tristis
1815 1655 1903 1696 540

206 1716 467 1769 Ausoniis
506 1720 701 1783 terror,
739 1734 950 1770 necnon
991 1717 1252 1769 alimenta
1290 1714 1559 1787 fatigant?

284 1790 467 1858 Atque
508 1808 572 1842 ea
612 1789 739 1843 dum
778 1792 1067 1858 memorat,
1106 1793 1264 1843 toruo
1306 1807 1595 1843 conuersus
1636 1790 1693 1842 in
1732 1807 1829 1843 ora

211 1862 499 1917 Hannonis
540 1863 718 1933 uultu,
760 1881 921 1931 quem
962 1863 1195 1934 gliscens
1236 1863 1413 1933 gloria
1450 1881 1682 1932 prauum
1775 1882 1779 1885 ·

210 1937 469 1990 Ductoris
511 1936 690 1990 studio
730 1937 840 1989 iam
882 1937 1080 1989 dudum
1121 1937 1369 2007 agitabat
1409 1937 1625 1990 acerbo:

209 2010 415 2063 ‘Iamne
455 2009 558 2063 tibi
598 2010 812 2063 dextras
853 2011 1172 2080 inceptaque
1211 2015 1399 2064 nostra
1439 2009 1771 2081 probamus?
1819 2022 1905 2063 545

207 2084 326 2137 Iam
368 2083 451 2137 fas
492 2083 767 2138 Dardanio
807 2103 892 2137 me
931 2103 1039 2138 non
1079 2085 1279 2139 seruire
1320 2085 1548 2139 colono?

207 2158 367 2211 Anne
407 2158 606 2210 iterum
645 2157 1175 2223 Hannibalemdedi
1214 2159 1430 2228 placet?
1486 2162 1607 2212 atra
1645 2175 1853 2211 ueneno

330 2380 417 2420 522
450 2376 630 2421 tonitru
662 2375 884 2421 bellantis
915 2378 989 2422 uel
1019 2377 1219 2422 bellanti
1250 2377 1474 2421 Heinsius
1595 2379 1682 2420 525
1713 2389 1908 2433 magna·
1945 2371 1948 2375 ’

211 2435 391 2479 nimum
423 2441 455 2478 L
488 2449 663 2492 magna
692 2434 890 2479 nimium
921 2440 1029 2478 Fov
1150 2440 1236 2480 526
1271 2435 1438 2492 Strage
1462 2440 1514 2489 V,
1546 2440 1599 2479 ut
1630 2436 1745 2481 coni.
1770 2434 1906 2480 Liui-

210 2495 342 2539 neius
375 2495 510 2539 Stare
542 2498 644 2537 Lro
679 2495 758 2550 (ef.
788 2495 850 2539 X.
877 2498 990 2551 537)
1110 2500 1195 2540 527
1235 2493 1321 2539 illa
1350 2499 1384 2537 F
1506 2498 1592 2538 529
1626 2494 1775 2548 Quam
1805 2496 1907 2538 tum

212 2557 285 2595 cm
323 2553 417 2608 Ep.
453 2557 513 2597 64
545 2557 581 2595 V
623 2553 859 2607 Quantum
892 2558 994 2596 LFo
1117 2558 1204 2600 530
1235 2553 1347 2598 talis
1379 2558 1452 2596 cm
1483 2554 1512 2598 l.
1539 2554 1566 2599 l.
1599 2557 1667 2595 ΒΕ
1706 2554 1824 2598 deest
1854 2554 1908 2597 in

216 2614 287 2653 ov
320 2612 397 2666 (T.
417 2626 466 2667 p.
491 2615 607 2668 219)
641 2638 695 2644 —
729 2613 813 2671 sis]
847 2613 937 2657 eris
979 2613 1163 2668 Withof
1275 2618 1358 2657 531
1395 2611 1549 2658 colere
1582 2616 1608 2654 8
1652 2612 1807 2656 colare
1837 2612 1906 2656 ed.

211 2669 321 2714 Αἶά.
355 2671 561 2727 aliaeque
684 2675 769 2716 536
809 2672 956 2716 restet
988 2675 1058 2714 ov
1181 2677 1265 2717 537
1307 2673 1401 2716 iam
1440 2685 1524 2717 om.
1558 2674 1589 2713 0
1710 2673 1797 2714 538
1835 2683 1906 2714 re·

214 2727 374 2772 fouete
410 2732 436 2770 S
468 2728 679 2774 refouere
709 2731 807 2776 edd.
835 2731 1079 2787 pleraeque
1199 2736 1286 2776 539
1318 2731 1367 2775 et
1397 2730 1594 2787 pateant
1627 2733 1653 2770 s
1700 2729 1753 2772 ut
1776 2743 1820 2784 p.
1847 2732 1907 2771 Oh

215 2790 302 2830 540
350 2785 477 2830 bello
525 2792 585 2830 ch
633 2814 687 2820 —
735 2788 906 2846 tristis]
964 2790 1128 2835 castris
1176 2790 1404 2835 Heinsius
1457 2786 1611 2834 cristis
1657 2787 1908 2832 Burmann

214 2849 299 2889 541
343 2844 578 2890 elementa
610 2851 681 2889 ov
717 2872 765 2880 -
802 2847 1027 2892 fatiscunt
1058 2850 1307 2894 Burmann
1450 2851 1537 2892 544
1575 2845 1768 2890 Ductori
1809 2850 1905 2888 chs

215 2929 270 2935 —
305 2917 473 2949 aceruo
507 2908 579 2947 ov
723 2911 807 2950 545
848 2906 1007 2951 Iamne
1041 2912 1113 2949 cm
1145 2908 1173 2952 l.
1204 2909 1232 2952 l.
1378 2911 1463 2951 546
1507 2903 1681 2949 Colono
1714 2909 1787 2947 cm
1820 2905 1848 2950 l.
1874 2905 1904 2950 l.
