1988 3190
117 147 129 169 '
142 146 250 200 182
811 149 926 195 SILI
956 149 1183 197 ITALICI

137 281 459 354 Cornipedis
499 285 672 339 moles
712 285 826 339 ruit
866 289 1030 356 atque
1070 286 1279 342 efflauit
1319 289 1515 345 anhelo

136 356 365 411 Pectore
402 358 629 412 Iunonis
669 361 811 413 curis
851 360 910 413 in
948 361 1139 415 nubila
1176 363 1366 416 uitam.

141 430 279 484 Tum
320 451 451 486 uero
490 433 805 502 impatiens:
853 433 1083 489 ‘Uestra
1122 439 1207 490 est
1244 437 1378 491 haec
1416 438 1612 507 altera,
1650 445 1838 498 uestra

133 504 344 571 Fraus?
385 507 580 578 inquit,
619 507 857 580 esuperi3
902 527 1014 563 non
1051 510 1260 564 fallitis.
1322 530 1557 582 aequore
1595 533 1835 571 mersum

133 579 416 634 Texissent
455 582 680 651 scopuli,
717 584 1052 653 pelagusque
1091 584 1365 639 hausisset
1403 590 1459 640 et
1496 588 1696 643 undae!
1747 603 1835 646 560

132 652 290 707 Anne
330 654 458 709 huic
499 657 757 710 seruabar
795 657 943 711 leto?
1006 676 1128 711 mea
1167 659 1326 730 signa
1366 662 1555 732 secuti,

134 727 267 790 Quis
306 747 525 800 pugnae
559 731 861 801 auspicium
897 732 1154 802 dedimuS,
1187 734 1505 806 caeduntur3
1545 739 1602 790 et
1634 737 1832 793 absens

130 802 354 872 Accipio
395 804 632 874 gemitus
671 823 938 876 uocesque
980 825 1043 860 ac
1082 808 1251 861 uerba
1289 813 1582 864 uocantum

132 874 512 931 Hannibalem.
574 879 693 949 quis
732 884 924 934 nostra
964 881 1098 934 satis
1139 881 1335 936 delicta
1372 883 1550 952 piabit

130 949 423 1005 Tartareus
463 953 744 1007 torrens‘P'
808 953 982 1008 Simul
1021 955 1154 1008 haec
1192 956 1454 1010 fundebat
1493 961 1548 1012 et
1585 978 1692 1015 una
1735 973 1822 1015 565

133 1023 430 1094 Spectabat
470 1027 715 1081 dextram
755 1046 817 1082 ac
856 1030 954 1082 leti
992 1028 1241 1084 feruebat
1280 1049 1479 1085 amore.

203 1098 353 1152 Tunc
391 1100 544 1166 Iuno,
583 1102 843 1155 miserata
880 1103 1073 1170 uirum,
1112 1105 1352 1173 pastoris
1392 1105 1450 1157 in
1490 1124 1586 1159 ora

129 1171 379 1227 Uertitur
419 1193 480 1228 ac
520 1175 675 1229 siluis
717 1176 897 1230 subito
936 1177 1184 1246 procedit
1223 1178 1406 1247 opacis

130 1245 313 1316 Atque
353 1249 439 1302 his
479 1249 778 1319 alloquitur
816 1253 1124 1304 uersantem
1163 1251 1399 1321 ingloria
1437 1252 1578 1306 fata:

106 1319 426 1383 ‘Quaenam
465 1325 522 1375 te
562 1324 716 1376 siluis
756 1325 1006 1378 accedere
1045 1343 1208 1379 causa
1248 1326 1467 1396 subegit
1737 1341 1825 1383 570

125 1394 419 1449 Armatam
457 1397 706 1451 nostris?
746 1416 878 1452 num
918 1399 1052 1452 dura
1092 1399 1160 1452 ad
1198 1399 1408 1469 proelia
1447 1400 1639 1470 tendi8‚

125 1467 360 1540 Magnus
393 1471 487 1524 ubi
512 1470 787 1526 Ausoniae
819 1474 1056 1543 reliquos
1089 1474 1277 1527 domat
1308 1473 1588 1528 Hannibal
1621 1476 1827 1531 armis?

128 1541 188 1596 Si
227 1545 388 1598 uelox
428 1546 632 1615 gaudes
671 1547 766 1616 ire,
806 1550 860 1600 et
900 1548 1218 1617 compendia
1257 1551 1420 1618 grata

128 1615 268 1670 Sunt
307 1619 428 1688 tibi,
467 1619 646 1674 uicino
686 1621 744 1673 in
783 1621 989 1675 medios
1028 1626 1083 1675 te
1123 1622 1345 1675 tramite
1385 1622 1614 1678 ducam?

124 1690 339 1745 Annuit
380 1698 542 1763 atque
581 1698 773 1747 onerat
812 1696 1096 1765 promissis
1135 1699 1359 1765 pectora
1399 1697 1568 1767 largis
1635 1760 1639 1763 ¹
1735 1711 1822 1754 575

125 1765 373 1820 Pastoris
413 1771 708 1837 patresque
749 1770 906 1823 docet
939 1769 1289 1839 Carthaginis
1324 1770 1468 1823 altae

123 1838 328 1910 Magna
367 1860 706 1912 repensurOS‚
745 1862 844 1896 nec
877 1842 942 1897 >se
974 1843 1184 1897 leuiora
1223 1844 1489 1897 daturum.

123 1913 490 1984 Praecipitem
531 1920 586 1969 et
624 1919 780 1969 uasto
823 1920 1170 1987 superantem
1209 1917 1458 1985 proxima
1501 1918 1645 1971 saltu

126 1985 465 2059 Circumagit
505 1989 641 2043 Iuno
683 2008 759 2060 ac,
797 1990 997 2044 fallens
1037 1991 1257 2061 regione
1296 1991 1525 2061 uiarum,

122 2059 249 2114 Non
290 2066 507 2133 gratam
547 2064 723 2117 inuito
763 2068 949 2118 seruat
988 2065 1165 2118 celata
1205 2065 1454 2118 salutem.
1736 2080 1823 2122 580

198 2135 417 2190 Interea
454 2136 689 2191 Cadmea
728 2157 936 2209 manus,
977 2139 1192 2193 deserta
1230 2156 1555 2209 panemque,

122 2209 251 2263 Non
289 2211 460 2264 ullum
499 2211 882 2283 Hannibalem,
925 2232 1194 2283 nusquam
1233 2213 1533 2267 certamina
1571 2215 1747 2268 cernit

126 2283 288 2337 Saeui
326 2290 460 2339 nota
501 2286 664 2341 ducis,
726 2305 855 2356 pars
893 2286 1039 2341 ferro
1081 2287 1396 2341 occumbere
1437 2287 1678 2358 credunt,

243 2493 331 2534 558
363 2492 524 2535 uestra
548 2492 621 2535 est
643 2491 762 2536 haec
786 2492 938 2536 altera
961 2493 1120 2536 uestra
1135 2496 1172 2534 V
1201 2493 1360 2536 uestra,
1377 2505 1415 2535 e.
1434 2491 1480 2534 h.
1499 2506 1541 2535 a.
1567 2492 1728 2537 nostra
1751 2498 1819 2536 101?

122 2549 283 2592 nostra
315 2563 353 2595 e.
385 2550 431 2594 h.
465 2564 508 2594 a.
540 2552 700 2595 uestra
733 2555 763 2593 0
886 2556 972 2596 559
1004 2550 1170 2595 fallitis
1204 2555 1274 2594 OV
1313 2550 1482 2594 fullitis
1514 2555 1547 2592 L
1585 2550 1760 2596 fullieis
1785 2557 1819 2595 F

124 2610 207 2651 561
242 2606 370 2666 huic]
404 2608 514 2653 hinc
547 2614 573 2651 S
607 2636 660 2642 —-
695 2610 915 2655 seruabat
944 2615 976 2653 L
1049 2615 1134 2655 563
1168 2623 1223 2654 ac
1253 2614 1355 2654 LFO
1396 2610 1445 2654 et
1475 2614 1512 2651 V
1590 2614 1676 2655 565
1709 2611 1819 2655 Tar-

121 2666 279 2710 tareos
313 2671 384 2709 OV
523 2673 608 2713 567
642 2670 761 2713 Tum
794 2673 865 2712 ΟΥ
1000 2672 1086 2714 569
1118 2668 1272 2724 Atque
1303 2668 1377 2711 his
1411 2671 1481 2710 0V
1527 2667 1684 2725 Atque
1715 2670 1755 2715 is
1785 2675 1820 2713 F

123 2722 189 2768 At
220 2724 292 2768 his
323 2730 356 2768 L
517 2732 603 2772 570
636 2728 884 2773 succedere
917 2727 1165 2773 Liuineius
1327 2731 1407 2772 571
1445 2729 1576 2786 num]
1609 2742 1753 2773 unum
1785 2733 1818 2771 L

125 2787 211 2827 572
244 2784 386 2828 armis
418 2790 449 2827 L
499 2801 629 2831 arma
658 2792 767 2830 Fov
919 2792 1004 2832 578
1038 2787 1357 2845 superantem]
1387 2790 1716 2844 properantem
1744 2791 1819 2830 ‘ov

122 2867 182 2874 —
213 2843 338 2886 uasti
381 2858 480 2900 sup.
521 2861 590 2902 pr.
631 2847 779 2891 saltus
818 2847 1043 2892 Heinsius
1097 2849 1252 2890 uastos
1293 2860 1328 2890 s.
1369 2861 1414 2902 p.
1455 2846 1602 2891 saltus
1643 2846 1828 2901 Withof

121 2904 219 3003 {39-
274 2915 329 2946 ac
390 2907 459 2945 LF
529 2907 577 2949 et
633 2909 663 2947 0
733 2907 784 2950 at
837 2910 876 2948 V
1144 2909 1234 2950 580
1294 2902 1484 2963 celata]
1543 2906 1632 2949 dea
1690 2904 1818 2949 laeta

177 2974 348 3006 emszus
