<?xml version="1.0" encoding="UTF-8"?>
<!DOCTYPE html PUBLIC "-//W3C//DTD XHTML 1.0 Transitional//EN"
    "http://www.w3.org/TR/xhtml1/DTD/xhtml1-transitional.dtd">
<html xmlns="http://www.w3.org/1999/xhtml" xml:lang="en" lang="en">
 <head>
  <title>
</title>
<meta http-equiv="Content-Type" content="text/html;charset=utf-8" />
  <meta name='ocr-system' content='tesseract 3.04.00' />
  <meta name='ocr-capabilities' content='ocr_page ocr_carea ocr_par ocr_line ocrx_word'/>
</head>
<body>
  <div class='ocr_page' id='page_1' title='image "./punicasili02siliuoft/punicasili02siliuoft_0029.png"; bbox 0 0 1988 3190; ppageno 0'>
   <div class='ocr_carea' id='block_1_1' title="bbox 605 119 1797 178">
    <p class='ocr_par' dir='ltr' id='par_1_1' title="bbox 605 119 1797 178">
     <span class='ocr_line' id='line_1_1' title="bbox 605 119 1797 178; baseline 0.001 -14"><span class='ocrx_word' id='word_1_1' title='bbox 605 119 964 166; x_wconf 86' lang='lat' dir='ltr'>PUNIOORUM</span> <span class='ocrx_word' id='word_1_2' title='bbox 994 120 1177 165; x_wconf 85' lang='lat' dir='ltr'>LIBER</span> <span class='ocrx_word' id='word_1_3' title='bbox 1208 120 1286 165; x_wconf 89' lang='lat' dir='ltr'>XI.</span> <span class='ocrx_word' id='word_1_4' title='bbox 1731 125 1797 178; x_wconf 81' lang='lat'>15</span> 
     </span>
    </p>
   </div>
   <div class='ocr_carea' id='block_1_2' title="bbox 96 255 1792 2248">
    <p class='ocr_par' dir='ltr' id='par_1_2' title="bbox 108 255 1547 475">
     <span class='ocr_line' id='line_1_2' title="bbox 109 255 1428 327; baseline 0.001 -17"><span class='ocrx_word' id='word_1_5' title='bbox 109 255 373 327; x_wconf 87' lang='lat' dir='ltr'>Eripuere</span> <span class='ocrx_word' id='word_1_6' title='bbox 412 256 592 326; x_wconf 85' lang='lat' dir='ltr'>minis,</span> <span class='ocrx_word' id='word_1_7' title='bbox 629 256 978 325; x_wconf 85' lang='lat' dir='ltr'>resolutaque</span> <span class='ocrx_word' id='word_1_8' title='bbox 1017 257 1234 311; x_wconf 91' lang='lat' dir='ltr'>uincula</span> <span class='ocrx_word' id='word_1_9' title='bbox 1273 258 1428 312; x_wconf 89' lang='lat' dir='ltr'>collo.</span> 
     </span>
     <span class='ocr_line' id='line_1_3' title="bbox 108 330 1547 402; baseline 0.002 -20"><span class='ocrx_word' id='word_1_10' title='bbox 108 330 291 400; x_wconf 87' lang='lat' dir='ltr'>Atque</span> <span class='ocrx_word' id='word_1_11' title='bbox 332 331 518 384; x_wconf 90' lang='lat' dir='ltr'>eadem</span> <span class='ocrx_word' id='word_1_12' title='bbox 557 330 703 384; x_wconf 91' lang='lat' dir='ltr'>uitae</span> <span class='ocrx_word' id='word_1_13' title='bbox 745 332 928 384; x_wconf 91' lang='lat' dir='ltr'>custos</span> <span class='ocrx_word' id='word_1_14' title='bbox 970 349 1094 384; x_wconf 88' lang='lat' dir='ltr'>mox</span> <span class='ocrx_word' id='word_1_15' title='bbox 1134 331 1323 385; x_wconf 89' lang='lat' dir='ltr'>deinde</span> <span class='ocrx_word' id='word_1_16' title='bbox 1364 332 1547 402; x_wconf 90' lang='lat' dir='ltr'>quieto</span> 
     </span>
     <span class='ocr_line' id='line_1_4' title="bbox 109 403 1316 475; baseline 0.002 -18"><span class='ocrx_word' id='word_1_17' title='bbox 109 403 336 475; x_wconf 90' lang='lat' dir='ltr'>Accepit</span> <span class='ocrx_word' id='word_1_18' title='bbox 373 405 538 458; x_wconf 89' lang='lat' dir='ltr'>tellus</span> <span class='ocrx_word' id='word_1_19' title='bbox 580 422 705 458; x_wconf 84' lang='lat' dir='ltr'>ossa.</span> <span class='ocrx_word' id='word_1_20' title='bbox 742 404 1011 457; x_wconf 90' lang='lat' dir='ltr'>inuiolata</span> <span class='ocrx_word' id='word_1_21' title='bbox 1052 407 1316 475; x_wconf 84' lang='lat' dir='ltr'>sepulcro,</span> 
     </span>
    </p>

    <p class='ocr_par' dir='ltr' id='par_1_3' title="bbox 96 477 1792 2248">
     <span class='ocr_line' id='line_1_5' title="bbox 181 477 1792 550; baseline 0.002 -18"><span class='ocrx_word' id='word_1_22' title='bbox 181 477 296 532; x_wconf 89' lang='lat' dir='ltr'>Nec</span> <span class='ocrx_word' id='word_1_23' title='bbox 335 477 603 532; x_wconf 85' lang='lat' dir='ltr'>Uenerem</span> <span class='ocrx_word' id='word_1_24' title='bbox 642 478 849 530; x_wconf 89' lang='lat' dir='ltr'>interea</span> <span class='ocrx_word' id='word_1_25' title='bbox 887 477 1031 548; x_wconf 89' lang='lat' dir='ltr'>fugit</span> <span class='ocrx_word' id='word_1_26' title='bbox 1070 480 1378 550; x_wconf 74' lang='lat' dir='ltr'>exoptabile</span> <span class='ocrx_word' id='word_1_27' title='bbox 1417 483 1630 550; x_wconf 85' lang='lat' dir='ltr'>tempus</span> <span class='ocrx_word' id='word_1_28' title='bbox 1707 497 1792 536; x_wconf 81' lang='lat'>385</span> 
     </span>
     <span class='ocr_line' id='line_1_6' title="bbox 109 551 1497 623; baseline 0.001 -19"><span class='ocrx_word' id='word_1_29' title='bbox 109 551 412 607; x_wconf 86' lang='lat' dir='ltr'>Poenorum</span> <span class='ocrx_word' id='word_1_30' title='bbox 451 555 660 606; x_wconf 87' lang='lat' dir='ltr'>mentes</span> <span class='ocrx_word' id='word_1_31' title='bbox 701 570 860 606; x_wconf 87' lang='lat' dir='ltr'>caeco</span> <span class='ocrx_word' id='word_1_32' title='bbox 900 570 996 622; x_wconf 91' lang='lat' dir='ltr'>per</span> <span class='ocrx_word' id='word_1_33' title='bbox 1034 554 1179 608; x_wconf 90' lang='lat' dir='ltr'>laeta</span> <span class='ocrx_word' id='word_1_34' title='bbox 1217 554 1497 623; x_wconf 89' lang='lat' dir='ltr'>premendi</span> 
     </span>
     <span class='ocr_line' id='line_1_7' title="bbox 106 625 1420 695; baseline 0.002 -17"><span class='ocrx_word' id='word_1_35' title='bbox 106 625 293 680; x_wconf 85' lang='lat' dir='ltr'>Exitio</span> <span class='ocrx_word' id='word_1_36' title='bbox 334 630 388 679; x_wconf 89' lang='lat' dir='ltr'>et</span> <span class='ocrx_word' id='word_1_37' title='bbox 425 626 557 679; x_wconf 86' lang='lat' dir='ltr'>luxu</span> <span class='ocrx_word' id='word_1_38' title='bbox 596 626 760 680; x_wconf 87' lang='lat' dir='ltr'>corda</span> <span class='ocrx_word' id='word_1_39' title='bbox 797 626 1112 695; x_wconf 88' lang='lat' dir='ltr'>importuna</span> <span class='ocrx_word' id='word_1_40' title='bbox 1152 628 1420 681; x_wconf 89' lang='lat' dir='ltr'>domandi.</span> 
     </span>
     <span class='ocr_line' id='line_1_8' title="bbox 106 697 1434 771; baseline 0.002 -19"><span class='ocrx_word' id='word_1_41' title='bbox 106 697 374 771; x_wconf 85' lang='lat' dir='ltr'>Spargere</span> <span class='ocrx_word' id='word_1_42' title='bbox 412 701 524 753; x_wconf 86' lang='lat' dir='ltr'>tela</span> <span class='ocrx_word' id='word_1_43' title='bbox 561 718 725 752; x_wconf 90' lang='lat' dir='ltr'>manu</span> <span class='ocrx_word' id='word_1_44' title='bbox 763 701 967 770; x_wconf 89' lang='lat' dir='ltr'>passim</span> <span class='ocrx_word' id='word_1_45' title='bbox 1005 702 1253 755; x_wconf 88' lang='lat' dir='ltr'>fallentia</span> <span class='ocrx_word' id='word_1_46' title='bbox 1290 702 1434 755; x_wconf 89' lang='lat' dir='ltr'>natis</span> 
     </span>
     <span class='ocr_line' id='line_1_9' title="bbox 105 774 1583 844; baseline 0.003 -19"><span class='ocrx_word' id='word_1_47' title='bbox 105 774 357 844; x_wconf 82' lang='lat' dir='ltr'>Imperat</span> <span class='ocrx_word' id='word_1_48' title='bbox 384 777 440 827; x_wconf 88' lang='lat' dir='ltr'>et</span> <span class='ocrx_word' id='word_1_49' title='bbox 477 774 674 827; x_wconf 89' lang='lat' dir='ltr'>tacitas</span> <span class='ocrx_word' id='word_1_50' title='bbox 714 774 772 826; x_wconf 90' lang='lat' dir='ltr'>in</span> <span class='ocrx_word' id='word_1_51' title='bbox 811 779 1030 843; x_wconf 88' lang='lat' dir='ltr'>pectora</span> <span class='ocrx_word' id='word_1_52' title='bbox 1069 776 1286 829; x_wconf 89' lang='lat' dir='ltr'>mittere</span> <span class='ocrx_word' id='word_1_53' title='bbox 1324 775 1583 829; x_wconf 79' lang='lat' dir='ltr'>flammas,</span> 
     </span>
     <span class='ocr_line' id='line_1_10' title="bbox 105 846 1789 918; baseline 0.003 -18"><span class='ocrx_word' id='word_1_54' title='bbox 105 846 243 900; x_wconf 88' lang='lat' dir='ltr'>Tum</span> <span class='ocrx_word' id='word_1_55' title='bbox 282 849 464 917; x_wconf 89' lang='lat' dir='ltr'>pueris</span> <span class='ocrx_word' id='word_1_56' title='bbox 505 847 658 900; x_wconf 85' lang='lat' dir='ltr'>dulce</span> <span class='ocrx_word' id='word_1_57' title='bbox 699 848 964 902; x_wconf 85' lang='lat' dir='ltr'>arridens:</span> <span class='ocrx_word' id='word_1_58' title='bbox 1006 849 1142 902; x_wconf 70' lang='lat' dir='ltr'>‘Eat</span> <span class='ocrx_word' id='word_1_59' title='bbox 1180 850 1430 918; x_wconf 88' lang='lat' dir='ltr'>improba</span> <span class='ocrx_word' id='word_1_60' title='bbox 1468 849 1603 903; x_wconf 93' lang='lat' dir='ltr'>Iuno</span> <span class='ocrx_word' id='word_1_61' title='bbox 1704 865 1789 905; x_wconf 86' lang='grc'>390</span> 
     </span>
     <span class='ocr_line' id='line_1_11' title="bbox 104 921 1787 991; baseline 0.003 -18"><span class='ocrx_word' id='word_1_62' title='bbox 104 921 179 974; x_wconf 89' lang='lat' dir='ltr'>Et</span> <span class='ocrx_word' id='word_1_63' title='bbox 193 939 293 975; x_wconf 93' lang='lat' dir='ltr'>nos</span> <span class='ocrx_word' id='word_1_64' title='bbox 316 952 380 959; x_wconf 90' lang='lat'>—</span> <span class='ocrx_word' id='word_1_65' title='bbox 396 940 494 975; x_wconf 90' lang='lat' dir='ltr'>nec</span> <span class='ocrx_word' id='word_1_66' title='bbox 519 921 731 991; x_wconf 78' lang='lat' dir='ltr'>mirum,</span> <span class='ocrx_word' id='word_1_67' title='bbox 756 923 884 991; x_wconf 91' lang='lat' dir='ltr'>quid</span> <span class='ocrx_word' id='word_1_68' title='bbox 901 924 1045 976; x_wconf 88' lang='lat' dir='ltr'>enim</span> <span class='ocrx_word' id='word_1_69' title='bbox 1063 924 1286 977; x_wconf 77' lang='lat' dir='ltr'>sumus?</span> <span class='ocrx_word' id='word_1_70' title='bbox 1309 954 1372 962; x_wconf 92' lang='lat'>——</span> <span class='ocrx_word' id='word_1_71' title='bbox 1394 926 1517 977; x_wconf 86' lang='lat' dir='ltr'>acta</span> <span class='ocrx_word' id='word_1_72' title='bbox 1542 925 1787 978; x_wconf 83' lang='lat' dir='ltr'>secundis</span> 
     </span>
     <span class='ocr_line' id='line_1_12' title="bbox 106 994 1550 1068; baseline 0.003 -21"><span class='ocrx_word' id='word_1_73' title='bbox 106 994 398 1065; x_wconf 89' lang='lat' dir='ltr'>Despiciat.</span> <span class='ocrx_word' id='word_1_74' title='bbox 451 996 598 1049; x_wconf 88' lang='lat' dir='ltr'>ualet</span> <span class='ocrx_word' id='word_1_75' title='bbox 634 995 733 1049; x_wconf 90' lang='lat' dir='ltr'>illa</span> <span class='ocrx_word' id='word_1_76' title='bbox 771 1015 951 1067; x_wconf 83' lang='lat' dir='ltr'>manu,</span> <span class='ocrx_word' id='word_1_77' title='bbox 990 998 1139 1050; x_wconf 88' lang='lat' dir='ltr'>ualet</span> <span class='ocrx_word' id='word_1_78' title='bbox 1176 998 1272 1051; x_wconf 89' lang='lat' dir='ltr'>illa</span> <span class='ocrx_word' id='word_1_79' title='bbox 1309 997 1550 1068; x_wconf 82' lang='lat' dir='ltr'>lacertis3</span> 
     </span>
     <span class='ocr_line' id='line_1_13' title="bbox 102 1068 1368 1140; baseline 0.002 -18"><span class='ocrx_word' id='word_1_80' title='bbox 102 1068 337 1123; x_wconf 87' lang='lat' dir='ltr'>Paruula</span> <span class='ocrx_word' id='word_1_81' title='bbox 374 1087 490 1123; x_wconf 78' lang='lat' dir='ltr'>nos</span> <span class='ocrx_word' id='word_1_82' title='bbox 516 1088 643 1123; x_wconf 91' lang='lat' dir='ltr'>arcu</span> <span class='ocrx_word' id='word_1_83' title='bbox 683 1070 882 1138; x_wconf 88' lang='lat' dir='ltr'>puerili</span> <span class='ocrx_word' id='word_1_84' title='bbox 921 1071 1128 1140; x_wconf 87' lang='lat' dir='ltr'>spicula</span> <span class='ocrx_word' id='word_1_85' title='bbox 1167 1073 1368 1125; x_wconf 83' lang='lat' dir='ltr'>sensim</span> 
     </span>
     <span class='ocr_line' id='line_1_14' title="bbox 101 1142 1784 1216; baseline 0.002 -21"><span class='ocrx_word' id='word_1_86' title='bbox 101 1142 414 1212; x_wconf 87' lang='lat' dir='ltr'>Fundimus,</span> <span class='ocrx_word' id='word_1_87' title='bbox 452 1148 507 1196; x_wconf 89' lang='lat' dir='ltr'>et</span> <span class='ocrx_word' id='word_1_88' title='bbox 542 1144 726 1196; x_wconf 86' lang='lat' dir='ltr'>nullus</span> <span class='ocrx_word' id='word_1_89' title='bbox 766 1148 953 1199; x_wconf 86' lang='lat' dir='ltr'>nostro</span> <span class='ocrx_word' id='word_1_90' title='bbox 995 1145 1059 1199; x_wconf 92' lang='lat' dir='ltr'>de</span> <span class='ocrx_word' id='word_1_91' title='bbox 1098 1147 1320 1198; x_wconf 92' lang='lat' dir='ltr'>uulnere</span> <span class='ocrx_word' id='word_1_92' title='bbox 1361 1145 1597 1216; x_wconf 91' lang='lat' dir='ltr'>sanguis.</span> <span class='ocrx_word' id='word_1_93' title='bbox 1697 1159 1784 1199; x_wconf 87' lang='lat'>394</span> 
     </span>
     <span class='ocr_line' id='line_1_15' title="bbox 103 1217 1786 1289; baseline 0.001 -19"><span class='ocrx_word' id='word_1_94' title='bbox 103 1217 323 1286; x_wconf 88' lang='lat' dir='ltr'>Verum,</span> <span class='ocrx_word' id='word_1_95' title='bbox 348 1217 510 1288; x_wconf 79' lang='lat' dir='ltr'>agite,</span> <span class='ocrx_word' id='word_1_96' title='bbox 534 1237 565 1271; x_wconf 93' lang='grc' dir='ltr'>ο</span> <span class='ocrx_word' id='word_1_97' title='bbox 598 1236 720 1271; x_wconf 90' lang='lat' dir='ltr'>mea</span> <span class='ocrx_word' id='word_1_98' title='bbox 744 1219 921 1289; x_wconf 86' lang='lat' dir='ltr'>turba,</span> <span class='ocrx_word' id='word_1_99' title='bbox 952 1237 1157 1289; x_wconf 87' lang='lat' dir='ltr'>precor,</span> <span class='ocrx_word' id='word_1_100' title='bbox 1180 1237 1320 1272; x_wconf 91' lang='lat' dir='ltr'>nunc</span> <span class='ocrx_word' id='word_1_101' title='bbox 1345 1223 1575 1289; x_wconf 82' lang='lat' dir='ltr'>tempuS‚</span> <span class='ocrx_word' id='word_1_102' title='bbox 1604 1219 1786 1273; x_wconf 88' lang='lat' dir='ltr'>adeste</span> 
     </span>
     <span class='ocr_line' id='line_1_16' title="bbox 102 1291 1325 1361; baseline 0.003 -18"><span class='ocrx_word' id='word_1_103' title='bbox 102 1291 177 1343; x_wconf 87' lang='lat' dir='ltr'>Et</span> <span class='ocrx_word' id='word_1_104' title='bbox 214 1291 437 1360; x_wconf 84' lang='lat' dir='ltr'>Tyriam</span> <span class='ocrx_word' id='word_1_105' title='bbox 477 1292 677 1361; x_wconf 89' lang='lat' dir='ltr'>pubem</span> <span class='ocrx_word' id='word_1_106' title='bbox 715 1292 898 1346; x_wconf 84' lang='lat' dir='ltr'>tacitis</span> <span class='ocrx_word' id='word_1_107' title='bbox 940 1294 1147 1346; x_wconf 86' lang='lat' dir='ltr'>exurite</span> <span class='ocrx_word' id='word_1_108' title='bbox 1185 1293 1325 1347; x_wconf 78' lang='lat' dir='ltr'>teliS.</span> 
     </span>
     <span class='ocr_line' id='line_1_17' title="bbox 105 1365 1504 1436; baseline 0.002 -19"><span class='ocrx_word' id='word_1_109' title='bbox 105 1365 375 1433; x_wconf 85' lang='lat' dir='ltr'>Amplexu</span> <span class='ocrx_word' id='word_1_110' title='bbox 414 1366 695 1435; x_wconf 90' lang='lat' dir='ltr'>multoque</span> <span class='ocrx_word' id='word_1_111' title='bbox 735 1384 884 1419; x_wconf 89' lang='lat' dir='ltr'>mero</span> <span class='ocrx_word' id='word_1_112' title='bbox 927 1385 1222 1436; x_wconf 85' lang='lat' dir='ltr'>somnoque</span> <span class='ocrx_word' id='word_1_113' title='bbox 1260 1367 1504 1421; x_wconf 90' lang='lat' dir='ltr'>uirorum</span> 
     </span>
     <span class='ocr_line' id='line_1_18' title="bbox 101 1438 1561 1512; baseline 0.002 -22"><span class='ocrx_word' id='word_1_114' title='bbox 101 1438 448 1509; x_wconf 85' lang='lat' dir='ltr'>Profliganda</span> <span class='ocrx_word' id='word_1_115' title='bbox 487 1440 644 1509; x_wconf 73' lang='lat' dir='ltr'>acie8‚</span> <span class='ocrx_word' id='word_1_116' title='bbox 684 1458 849 1509; x_wconf 90' lang='lat' dir='ltr'>quam</span> <span class='ocrx_word' id='word_1_117' title='bbox 886 1459 997 1494; x_wconf 93' lang='lat' dir='ltr'>non</span> <span class='ocrx_word' id='word_1_118' title='bbox 1033 1442 1358 1512; x_wconf 72' lang='lat' dir='ltr'>perfregerit</span> <span class='ocrx_word' id='word_1_119' title='bbox 1402 1442 1561 1510; x_wconf 76' lang='lat' dir='ltr'>ensiS,</span> 
     </span>
     <span class='ocr_line' id='line_1_19' title="bbox 99 1510 1470 1582; baseline 0.001 -18"><span class='ocrx_word' id='word_1_120' title='bbox 99 1510 227 1565; x_wconf 90' lang='lat' dir='ltr'>Non</span> <span class='ocrx_word' id='word_1_121' title='bbox 265 1513 432 1582; x_wconf 80' lang='lat' dir='ltr'>igneS‚</span> <span class='ocrx_word' id='word_1_122' title='bbox 471 1531 583 1566; x_wconf 89' lang='lat' dir='ltr'>non</span> <span class='ocrx_word' id='word_1_123' title='bbox 620 1513 880 1567; x_wconf 83' lang='lat' dir='ltr'>immissis</span> <span class='ocrx_word' id='word_1_124' title='bbox 922 1513 1190 1568; x_wconf 82' lang='lat' dir='ltr'>Gradiuus</span> <span class='ocrx_word' id='word_1_125' title='bbox 1230 1515 1470 1567; x_wconf 89' lang='lat' dir='ltr'>habenis.</span> 
     </span>
     <span class='ocr_line' id='line_1_20' title="bbox 100 1584 1783 1658; baseline 0.002 -20"><span class='ocrx_word' id='word_1_126' title='bbox 100 1584 391 1639; x_wconf 84' lang='lat' dir='ltr'>Oombibat</span> <span class='ocrx_word' id='word_1_127' title='bbox 428 1587 653 1655; x_wconf 89' lang='lat' dir='ltr'>illapsos</span> <span class='ocrx_word' id='word_1_128' title='bbox 695 1587 885 1640; x_wconf 86' lang='lat' dir='ltr'>ductor</span> <span class='ocrx_word' id='word_1_129' title='bbox 923 1606 1020 1656; x_wconf 86' lang='lat' dir='ltr'>per</span> <span class='ocrx_word' id='word_1_130' title='bbox 1058 1588 1268 1641; x_wconf 88' lang='lat' dir='ltr'>uiscera</span> <span class='ocrx_word' id='word_1_131' title='bbox 1305 1588 1478 1658; x_wconf 83' lang='lat' dir='ltr'>luxus,</span> <span class='ocrx_word' id='word_1_132' title='bbox 1697 1601 1783 1643; x_wconf 88' lang='grc'>400</span> 
     </span>
     <span class='ocr_line' id='line_1_21' title="bbox 100 1658 1405 1729; baseline 0.001 -17"><span class='ocrx_word' id='word_1_133' title='bbox 100 1658 215 1713; x_wconf 89' lang='lat' dir='ltr'>Nec</span> <span class='ocrx_word' id='word_1_134' title='bbox 254 1660 456 1729; x_wconf 91' lang='lat' dir='ltr'>pudeat</span> <span class='ocrx_word' id='word_1_135' title='bbox 494 1661 641 1728; x_wconf 86' lang='lat' dir='ltr'>picto</span> <span class='ocrx_word' id='word_1_136' title='bbox 681 1661 881 1714; x_wconf 86' lang='lat' dir='ltr'>fultum</span> <span class='ocrx_word' id='word_1_137' title='bbox 920 1662 1149 1715; x_wconf 82' lang='lat' dir='ltr'>iacuisse</span> <span class='ocrx_word' id='word_1_138' title='bbox 1190 1661 1369 1729; x_wconf 86' lang='lat' dir='ltr'>cubili,</span> <span class='ocrx_word' id='word_1_139' title='bbox 1401 1690 1405 1693; x_wconf 96' lang='lat'>·</span> 
     </span>
     <span class='ocr_line' id='line_1_22' title="bbox 99 1731 1596 1806; baseline 0.001 -20"><span class='ocrx_word' id='word_1_140' title='bbox 99 1731 214 1786; x_wconf 92' lang='lat' dir='ltr'>Nec</span> <span class='ocrx_word' id='word_1_141' title='bbox 255 1734 459 1787; x_wconf 89' lang='lat' dir='ltr'>crinem</span> <span class='ocrx_word' id='word_1_142' title='bbox 496 1733 722 1803; x_wconf 86' lang='lat' dir='ltr'>Assyrio</span> <span class='ocrx_word' id='word_1_143' title='bbox 762 1734 1083 1804; x_wconf 83' lang='lat' dir='ltr'>perfundere</span> <span class='ocrx_word' id='word_1_144' title='bbox 1123 1738 1329 1806; x_wconf 87' lang='lat' dir='ltr'>pugnet</span> <span class='ocrx_word' id='word_1_145' title='bbox 1369 1752 1596 1788; x_wconf 88' lang='lat' dir='ltr'>amomo.</span> 
     </span>
     <span class='ocr_line' id='line_1_23' title="bbox 97 1805 1335 1875; baseline 0.002 -16"><span class='ocrx_word' id='word_1_146' title='bbox 97 1805 214 1875; x_wconf 86' lang='lat' dir='ltr'>Ille,</span> <span class='ocrx_word' id='word_1_147' title='bbox 255 1807 354 1860; x_wconf 88' lang='lat' dir='ltr'>sub</span> <span class='ocrx_word' id='word_1_148' title='bbox 393 1807 620 1860; x_wconf 89' lang='lat' dir='ltr'>hiberno</span> <span class='ocrx_word' id='word_1_149' title='bbox 662 1826 883 1861; x_wconf 87' lang='lat' dir='ltr'>somnos</span> <span class='ocrx_word' id='word_1_150' title='bbox 924 1809 1144 1862; x_wconf 83' lang='lat' dir='ltr'>educere</span> <span class='ocrx_word' id='word_1_151' title='bbox 1185 1810 1335 1862; x_wconf 87' lang='lat' dir='ltr'>caelo</span> 
     </span>
     <span class='ocr_line' id='line_1_24' title="bbox 96 1879 1342 1952; baseline 0.003 -20"><span class='ocrx_word' id='word_1_152' title='bbox 96 1879 351 1952; x_wconf 82' lang='lat' dir='ltr'>lactator,</span> <span class='ocrx_word' id='word_1_153' title='bbox 387 1882 545 1934; x_wconf 88' lang='lat' dir='ltr'>tectis</span> <span class='ocrx_word' id='word_1_154' title='bbox 587 1883 744 1935; x_wconf 86' lang='lat' dir='ltr'>malit</span> <span class='ocrx_word' id='word_1_155' title='bbox 783 1900 1094 1936; x_wconf 88' lang='lat' dir='ltr'>consumere</span> <span class='ocrx_word' id='word_1_156' title='bbox 1131 1885 1342 1951; x_wconf 82' lang='lat' dir='ltr'>noctes3</span> 
     </span>
     <span class='ocr_line' id='line_1_25' title="bbox 99 1955 1779 2027; baseline 0.001 -20"><span class='ocrx_word' id='word_1_157' title='bbox 99 1955 178 2007; x_wconf 85' lang='lat' dir='ltr'>Ac</span> <span class='ocrx_word' id='word_1_158' title='bbox 216 1958 387 2024; x_wconf 91' lang='lat' dir='ltr'>ponat</span> <span class='ocrx_word' id='word_1_159' title='bbox 425 1955 563 2008; x_wconf 87' lang='lat' dir='ltr'>ritus</span> <span class='ocrx_word' id='word_1_160' title='bbox 603 1957 867 2025; x_wconf 83' lang='lat' dir='ltr'>uescendi,</span> <span class='ocrx_word' id='word_1_161' title='bbox 907 1975 1067 2027; x_wconf 88' lang='lat' dir='ltr'>saepe</span> <span class='ocrx_word' id='word_1_162' title='bbox 1107 1957 1274 2010; x_wconf 83' lang='lat' dir='ltr'>citato</span> <span class='ocrx_word' id='word_1_163' title='bbox 1694 1970 1779 2010; x_wconf 85' lang='lat'>405</span> 
     </span>
     <span class='ocr_line' id='line_1_26' title="bbox 98 2027 1600 2101; baseline 0.001 -21"><span class='ocrx_word' id='word_1_164' title='bbox 98 2027 243 2080; x_wconf 89' lang='lat' dir='ltr'>Dum</span> <span class='ocrx_word' id='word_1_165' title='bbox 282 2028 483 2081; x_wconf 76' lang='lat' dir='ltr'>residet</span> <span class='ocrx_word' id='word_1_166' title='bbox 523 2030 622 2082; x_wconf 90' lang='lat' dir='ltr'>sub</span> <span class='ocrx_word' id='word_1_167' title='bbox 663 2030 871 2083; x_wconf 87' lang='lat' dir='ltr'>casside</span> <span class='ocrx_word' id='word_1_168' title='bbox 912 2049 1064 2101; x_wconf 87' lang='lat' dir='ltr'>equo,</span> <span class='ocrx_word' id='word_1_169' title='bbox 1106 2031 1383 2099; x_wconf 89' lang='lat' dir='ltr'>discatque</span> <span class='ocrx_word' id='word_1_170' title='bbox 1423 2030 1600 2099; x_wconf 86' lang='lat' dir='ltr'>Lyaeo</span> 
     </span>
     <span class='ocr_line' id='line_1_27' title="bbox 99 2101 1500 2157; baseline 0.001 -3"><span class='ocrx_word' id='word_1_171' title='bbox 99 2101 380 2155; x_wconf 90' lang='lat' dir='ltr'>Imbellem</span> <span class='ocrx_word' id='word_1_172' title='bbox 422 2102 619 2155; x_wconf 88' lang='lat' dir='ltr'>donare</span> <span class='ocrx_word' id='word_1_173' title='bbox 659 2103 814 2156; x_wconf 89' lang='lat' dir='ltr'>diem.</span> <span class='ocrx_word' id='word_1_174' title='bbox 870 2107 988 2157; x_wconf 90' lang='lat' dir='ltr'>tum</span> <span class='ocrx_word' id='word_1_175' title='bbox 1030 2104 1218 2156; x_wconf 88' lang='lat' dir='ltr'>deinde</span> <span class='ocrx_word' id='word_1_176' title='bbox 1258 2104 1500 2156; x_wconf 89' lang='lat' dir='ltr'>madenti</span> 
     </span>
     <span class='ocr_line' id='line_1_28' title="bbox 96 2174 1609 2248; baseline 0.001 -21"><span class='ocrx_word' id='word_1_177' title='bbox 96 2174 229 2227; x_wconf 86' lang='lat' dir='ltr'>Post</span> <span class='ocrx_word' id='word_1_178' title='bbox 268 2176 453 2245; x_wconf 90' lang='lat' dir='ltr'>epulas</span> <span class='ocrx_word' id='word_1_179' title='bbox 495 2177 567 2229; x_wconf 87' lang='lat' dir='ltr'>sit</span> <span class='ocrx_word' id='word_1_180' title='bbox 607 2180 766 2246; x_wconf 90' lang='lat' dir='ltr'>grata</span> <span class='ocrx_word' id='word_1_181' title='bbox 807 2177 1002 2247; x_wconf 76' lang='lat' dir='ltr'>chelyS,</span> <span class='ocrx_word' id='word_1_182' title='bbox 1043 2177 1329 2248; x_wconf 83' lang='lat' dir='ltr'>segnisque</span> <span class='ocrx_word' id='word_1_183' title='bbox 1370 2195 1609 2247; x_wconf 75' lang='lat' dir='ltr'>sopora8‚</span> 
     </span>
    </p>
   </div>
   <div class='ocr_carea' id='block_1_3' title="bbox 0 2246 1525 2323">
    <p class='ocr_par' dir='ltr' id='par_1_4' title="bbox 0 2246 1525 2323">
     <span class='ocr_line' id='line_1_29' title="bbox 0 2246 1525 2323; baseline 0.003 -23"><span class='ocrx_word' id='word_1_184' title='bbox 0 2288 1 2323; x_wconf 64' lang='lat'>3</span> <span class='ocrx_word' id='word_1_185' title='bbox 95 2246 210 2301; x_wconf 88' lang='lat' dir='ltr'>Aut</span> <span class='ocrx_word' id='word_1_186' title='bbox 247 2253 435 2302; x_wconf 89' lang='lat' dir='ltr'>nostro</span> <span class='ocrx_word' id='word_1_187' title='bbox 475 2249 671 2320; x_wconf 89' lang='lat' dir='ltr'>uigiles</span> <span class='ocrx_word' id='word_1_188' title='bbox 712 2251 872 2303; x_wconf 89' lang='lat' dir='ltr'>ducat</span> <span class='ocrx_word' id='word_1_189' title='bbox 910 2252 1010 2304; x_wconf 90' lang='lat' dir='ltr'>sub</span> <span class='ocrx_word' id='word_1_190' title='bbox 1050 2251 1266 2304; x_wconf 89' lang='lat' dir='ltr'>numine</span> <span class='ocrx_word' id='word_1_191' title='bbox 1306 2249 1525 2304; x_wconf 66' lang='lat' dir='ltr'>noctes?</span> 
     </span>
    </p>
   </div>
   <div class='ocr_carea' id='block_1_4' title="bbox 171 2321 1776 2394">
    <p class='ocr_par' dir='ltr' id='par_1_5' title="bbox 171 2321 1776 2394">
     <span class='ocr_line' id='line_1_30' title="bbox 171 2321 1776 2394; baseline 0 -19"><span class='ocrx_word' id='word_1_192' title='bbox 171 2321 320 2375; x_wconf 89' lang='lat' dir='ltr'>Haec</span> <span class='ocrx_word' id='word_1_193' title='bbox 344 2326 633 2392; x_wconf 84' lang='lat' dir='ltr'>postquam</span> <span class='ocrx_word' id='word_1_194' title='bbox 659 2322 862 2394; x_wconf 78' lang='lat' dir='ltr'>UenuS,</span> <span class='ocrx_word' id='word_1_195' title='bbox 887 2325 1167 2394; x_wconf 86' lang='lat' dir='ltr'>applaudit</span> <span class='ocrx_word' id='word_1_196' title='bbox 1191 2324 1426 2378; x_wconf 86' lang='lat' dir='ltr'>lasciuus</span> <span class='ocrx_word' id='word_1_197' title='bbox 1454 2327 1507 2376; x_wconf 91' lang='lat' dir='ltr'>et</span> <span class='ocrx_word' id='word_1_198' title='bbox 1531 2324 1643 2376; x_wconf 91' lang='lat' dir='ltr'>alto</span> <span class='ocrx_word' id='word_1_199' title='bbox 1691 2337 1776 2376; x_wconf 88' lang='lat'>410</span> 
     </span>
    </p>
   </div>
   <div class='ocr_carea' id='block_1_5' title="bbox 0 2393 1229 2451">
    <p class='ocr_par' dir='ltr' id='par_1_6' title="bbox 0 2393 1229 2451">
     <span class='ocr_line' id='line_1_31' title="bbox 0 2393 1229 2451; baseline 0.003 -5"><span class='ocrx_word' id='word_1_200' title='bbox 0 2400 1 2405; x_wconf 78' lang='grc'>’</span> <span class='ocrx_word' id='word_1_201' title='bbox 98 2393 272 2448; x_wconf 80' lang='lat' dir='ltr'>Mittit</span> <span class='ocrx_word' id='word_1_202' title='bbox 311 2414 368 2448; x_wconf 90' lang='lat' dir='ltr'>se</span> <span class='ocrx_word' id='word_1_203' title='bbox 409 2397 556 2449; x_wconf 87' lang='lat' dir='ltr'>caelo</span> <span class='ocrx_word' id='word_1_204' title='bbox 595 2397 769 2450; x_wconf 90' lang='lat' dir='ltr'>niueis</span> <span class='ocrx_word' id='word_1_205' title='bbox 811 2399 1072 2451; x_wconf 86' lang='lat' dir='ltr'>exercitus</span> <span class='ocrx_word' id='word_1_206' title='bbox 1114 2399 1229 2451; x_wconf 77' lang='lat' dir='ltr'>alis,</span> 
     </span>
    </p>
   </div>
   <div class='ocr_carea' id='block_1_6' title="bbox 92 2507 445 2514">
    <p class='ocr_par' dir='ltr' id='par_1_7' title="bbox 92 2507 445 2514">
     <span class='ocr_line' id='line_1_32' title="bbox 92 2507 445 2514; baseline 0 676"><span class='ocrx_word' id='word_1_207' title='bbox 92 2507 445 2514; x_wconf 95' lang='lat' dir='ltr'> </span> 
     </span>
    </p>
   </div>
   <div class='ocr_carea' id='block_1_7' title="bbox 91 2569 1778 2967">
    <p class='ocr_par' dir='ltr' id='par_1_8' title="bbox 91 2569 1778 2967">
     <span class='ocr_line' id='line_1_33' title="bbox 212 2569 1778 2628; baseline 0 -14"><span class='ocrx_word' id='word_1_208' title='bbox 212 2573 297 2614; x_wconf 88' lang='lat'>389</span> <span class='ocrx_word' id='word_1_209' title='bbox 338 2570 531 2628; x_wconf 80' lang='lat' dir='ltr'>tacitas]</span> <span class='ocrx_word' id='word_1_210' title='bbox 570 2571 729 2614; x_wconf 84' lang='lat' dir='ltr'>tantas</span> <span class='ocrx_word' id='word_1_211' title='bbox 770 2575 800 2613; x_wconf 91' lang='lat'>0</span> <span class='ocrx_word' id='word_1_212' title='bbox 990 2576 1072 2615; x_wconf 88' lang='lat'>391</span> <span class='ocrx_word' id='word_1_213' title='bbox 1119 2573 1258 2614; x_wconf 83' lang='lat' dir='ltr'>aucta</span> <span class='ocrx_word' id='word_1_214' title='bbox 1298 2571 1360 2615; x_wconf 92' lang='lat' dir='ltr'>D.</span> <span class='ocrx_word' id='word_1_215' title='bbox 1401 2569 1625 2615; x_wconf 81' lang='lat' dir='ltr'>Heinsius</span> <span class='ocrx_word' id='word_1_216' title='bbox 1677 2571 1778 2614; x_wconf 85' lang='lat' dir='ltr'>alta</span> 
     </span>
     <span class='ocr_line' id='line_1_34' title="bbox 94 2627 1774 2687; baseline 0 -15"><span class='ocrx_word' id='word_1_217' title='bbox 94 2627 324 2672; x_wconf 79' lang='lat' dir='ltr'>Schrader</span> <span class='ocrx_word' id='word_1_218' title='bbox 484 2632 569 2672; x_wconf 79' lang='lat'>392</span> <span class='ocrx_word' id='word_1_219' title='bbox 611 2628 843 2685; x_wconf 82' lang='lat' dir='ltr'>Dispiciat</span> <span class='ocrx_word' id='word_1_220' title='bbox 875 2633 901 2671; x_wconf 84' lang='grc'><strong>8</strong></span> <span class='ocrx_word' id='word_1_221' title='bbox 1053 2634 1140 2674; x_wconf 84' lang='grc'>394</span> <span class='ocrx_word' id='word_1_222' title='bbox 1180 2630 1246 2687; x_wconf 84' lang='lat' dir='ltr'>et]</span> <span class='ocrx_word' id='word_1_223' title='bbox 1287 2630 1326 2673; x_wconf 90' lang='lat' dir='ltr'>it</span> <span class='ocrx_word' id='word_1_224' title='bbox 1355 2627 1583 2673; x_wconf 79' lang='lat' dir='ltr'>Heinsius</span> <span class='ocrx_word' id='word_1_225' title='bbox 1613 2630 1774 2685; x_wconf 77' lang='lat' dir='ltr'>probb.</span> 
     </span>
     <span class='ocr_line' id='line_1_35' title="bbox 94 2686 1776 2744; baseline 0 -14"><span class='ocrx_word' id='word_1_226' title='bbox 94 2686 317 2741; x_wconf 79' lang='lat' dir='ltr'>Lefebure</span> <span class='ocrx_word' id='word_1_227' title='bbox 347 2691 387 2731; x_wconf 85' lang='lat' dir='ltr'>et</span> <span class='ocrx_word' id='word_1_228' title='bbox 418 2687 743 2732; x_wconf 79' lang='lat' dir='ltr'>Drakenborch</span> <span class='ocrx_word' id='word_1_229' title='bbox 815 2692 901 2731; x_wconf 85' lang='lat'>396</span> <span class='ocrx_word' id='word_1_230' title='bbox 934 2687 1061 2744; x_wconf 85' lang='lat' dir='ltr'>telis]</span> <span class='ocrx_word' id='word_1_231' title='bbox 1097 2687 1249 2732; x_wconf 80' lang='lat' dir='ltr'>taedis</span> <span class='ocrx_word' id='word_1_232' title='bbox 1281 2687 1507 2732; x_wconf 77' lang='lat' dir='ltr'>Heinsius</span> <span class='ocrx_word' id='word_1_233' title='bbox 1574 2693 1660 2732; x_wconf 87' lang='lat'>399</span> <span class='ocrx_word' id='word_1_234' title='bbox 1693 2688 1776 2731; x_wconf 89' lang='lat' dir='ltr'>im·</span> 
     </span>
     <span class='ocr_line' id='line_1_36' title="bbox 93 2744 1776 2803; baseline 0.001 -15"><span class='ocrx_word' id='word_1_235' title='bbox 93 2744 262 2789; x_wconf 81' lang='lat' dir='ltr'>missus</span> <span class='ocrx_word' id='word_1_236' title='bbox 291 2750 325 2788; x_wconf 72' lang='grc' dir='ltr'><strong>Ε</strong></span> <span class='ocrx_word' id='word_1_237' title='bbox 418 2750 503 2790; x_wconf 82' lang='lat'>402</span> <span class='ocrx_word' id='word_1_238' title='bbox 537 2749 717 2802; x_wconf 86' lang='lat' dir='ltr'>pugnet</span> <span class='ocrx_word' id='word_1_239' title='bbox 746 2749 818 2788; x_wconf 75' lang='lat' dir='ltr'>LV</span> <span class='ocrx_word' id='word_1_240' title='bbox 861 2759 1014 2802; x_wconf 82' lang='lat' dir='ltr'>pugne</span> <span class='ocrx_word' id='word_1_241' title='bbox 1045 2751 1080 2789; x_wconf 80' lang='lat' dir='ltr'>F</span> <span class='ocrx_word' id='word_1_242' title='bbox 1120 2747 1253 2803; x_wconf 90' lang='lat' dir='ltr'>piget</span> <span class='ocrx_word' id='word_1_243' title='bbox 1286 2751 1316 2789; x_wconf 93' lang='grc'>0</span> <span class='ocrx_word' id='word_1_244' title='bbox 1408 2749 1493 2791; x_wconf 85' lang='grc'>403</span> <span class='ocrx_word' id='word_1_245' title='bbox 1527 2759 1577 2790; x_wconf 81' lang='lat' dir='ltr'>se</span> <span class='ocrx_word' id='word_1_246' title='bbox 1609 2746 1776 2791; x_wconf 87' lang='lat' dir='ltr'>ducere</span> 
     </span>
     <span class='ocr_line' id='line_1_37' title="bbox 91 2803 1776 2859; baseline 0.002 -13"><span class='ocrx_word' id='word_1_247' title='bbox 91 2803 244 2848; x_wconf 81' lang='lat' dir='ltr'>Barth</span> <span class='ocrx_word' id='word_1_248' title='bbox 343 2808 431 2849; x_wconf 87' lang='lat'>404</span> <span class='ocrx_word' id='word_1_249' title='bbox 462 2806 666 2849; x_wconf 84' lang='lat' dir='ltr'>Iactatus</span> <span class='ocrx_word' id='word_1_250' title='bbox 699 2818 733 2849; x_wconf 88' lang='lat' dir='ltr'>c.</span> <span class='ocrx_word' id='word_1_251' title='bbox 767 2806 862 2850; x_wconf 82' lang='lat' dir='ltr'>eod.</span> <span class='ocrx_word' id='word_1_252' title='bbox 892 2805 999 2850; x_wconf 81' lang='lat' dir='ltr'>Tell.</span> <span class='ocrx_word' id='word_1_253' title='bbox 1025 2805 1248 2859; x_wconf 79' lang='lat' dir='ltr'>Lefebure</span> <span class='ocrx_word' id='word_1_254' title='bbox 1296 2806 1521 2850; x_wconf 74' lang='lat' dir='ltr'>Laetatus</span> <span class='ocrx_word' id='word_1_255' title='bbox 1552 2806 1776 2850; x_wconf 78' lang='lat' dir='ltr'>Heinsius</span> 
     </span>
     <span class='ocr_line' id='line_1_38' title="bbox 93 2861 1774 2921; baseline 0.001 -16"><span class='ocrx_word' id='word_1_256' title='bbox 93 2886 148 2894; x_wconf 88' lang='lat'>—-</span> <span class='ocrx_word' id='word_1_257' title='bbox 179 2861 340 2921; x_wconf 79' lang='lat' dir='ltr'>tectis]</span> <span class='ocrx_word' id='word_1_258' title='bbox 377 2862 483 2908; x_wconf 83' lang='lat' dir='ltr'>telis</span> <span class='ocrx_word' id='word_1_259' title='bbox 515 2867 546 2906; x_wconf 89' lang='lat'><strong>0</strong></span> <span class='ocrx_word' id='word_1_260' title='bbox 595 2864 686 2908; x_wconf 90' lang='lat' dir='ltr'>de.</span> <span class='ocrx_word' id='word_1_261' title='bbox 715 2899 724 2909; x_wconf 92' lang='lat'><strong>.</strong></span> <span class='ocrx_word' id='word_1_262' title='bbox 758 2867 818 2906; x_wconf 84' lang='lat' dir='ltr'>ch</span> <span class='ocrx_word' id='word_1_263' title='bbox 858 2865 933 2919; x_wconf 84' lang='lat' dir='ltr'>(T.</span> <span class='ocrx_word' id='word_1_264' title='bbox 954 2879 1002 2921; x_wconf 79' lang='lat' dir='ltr'>p.</span> <span class='ocrx_word' id='word_1_265' title='bbox 1029 2868 1146 2920; x_wconf 80' lang='lat'>246)</span> <span class='ocrx_word' id='word_1_266' title='bbox 1184 2864 1335 2908; x_wconf 80' lang='lat' dir='ltr'>taedis</span> <span class='ocrx_word' id='word_1_267' title='bbox 1375 2865 1530 2910; x_wconf 75' lang='lat' dir='ltr'>Barth</span> <span class='ocrx_word' id='word_1_268' title='bbox 1577 2864 1774 2921; x_wconf 82' lang='lat' dir='ltr'>dapibus</span> 
     </span>
     <span class='ocr_line' id='line_1_39' title="bbox 91 2919 1048 2967; baseline 0.001 -3"><span class='ocrx_word' id='word_1_269' title='bbox 91 2919 317 2966; x_wconf 82' lang='lat' dir='ltr'>Heinsius</span> <span class='ocrx_word' id='word_1_270' title='bbox 437 2926 523 2966; x_wconf 83' lang='lat'>408</span> <span class='ocrx_word' id='word_1_271' title='bbox 557 2921 703 2967; x_wconf 85' lang='lat' dir='ltr'>chelis</span> <span class='ocrx_word' id='word_1_272' title='bbox 734 2926 842 2965; x_wconf 78' lang='lat' dir='ltr'>Fov</span> <span class='ocrx_word' id='word_1_273' title='bbox 877 2922 985 2967; x_wconf 87' lang='lat' dir='ltr'>telis</span> <span class='ocrx_word' id='word_1_274' title='bbox 1018 2928 1048 2965; x_wconf 86' lang='lat' dir='ltr'>L</span> 
     </span>
    </p>
   </div>
  </div>
 </body>
</html>
