<?xml version="1.0" encoding="UTF-8"?>
<!DOCTYPE html PUBLIC "-//W3C//DTD XHTML 1.0 Transitional//EN"
    "http://www.w3.org/TR/xhtml1/DTD/xhtml1-transitional.dtd">
<html xmlns="http://www.w3.org/1999/xhtml" xml:lang="en" lang="en">
 <head>
  <title>
</title>
<meta http-equiv="Content-Type" content="text/html;charset=utf-8" />
  <meta name='ocr-system' content='tesseract 3.04.00' />
  <meta name='ocr-capabilities' content='ocr_page ocr_carea ocr_par ocr_line ocrx_word'/>
</head>
<body>
  <div class='ocr_page' id='page_1' title='image "./punicasili02siliuoft/punicasili02siliuoft_0158.png"; bbox 0 0 1988 3190; ppageno 0'>
   <div class='ocr_carea' id='block_1_1' title="bbox 180 132 1214 184">
    <p class='ocr_par' dir='ltr' id='par_1_1' title="bbox 180 132 1214 184">
     <span class='ocr_line' id='line_1_1' title="bbox 180 132 1214 184; baseline -0.006 0"><span class='ocrx_word' id='word_1_1' title='bbox 180 132 288 184; x_wconf 85' lang='grc'><strong>144</strong></span> <span class='ocrx_word' id='word_1_2' title='bbox 842 134 959 180; x_wconf 87' lang='lat' dir='ltr'>SILI</span> <span class='ocrx_word' id='word_1_3' title='bbox 989 133 1214 180; x_wconf 86' lang='lat' dir='ltr'>ITALICI</span> 
     </span>
    </p>
   </div>
   <div class='ocr_carea' id='block_1_2' title="bbox 171 267 1868 2411">
    <p class='ocr_par' dir='ltr' id='par_1_2' title="bbox 173 267 1868 2247">
     <span class='ocr_line' id='line_1_2' title="bbox 174 267 1471 342; baseline 0.001 -21"><span class='ocrx_word' id='word_1_4' title='bbox 174 267 420 338; x_wconf 75' lang='lat' dir='ltr'><strong>Militiae,</strong></span> <span class='ocrx_word' id='word_1_5' title='bbox 460 269 552 339; x_wconf 91' lang='lat' dir='ltr'><strong>qui</strong></span> <span class='ocrx_word' id='word_1_6' title='bbox 592 269 863 340; x_wconf 87' lang='lat' dir='ltr'><strong>dispersas</strong></span> <span class='ocrx_word' id='word_1_7' title='bbox 906 271 1022 325; x_wconf 87' lang='lat' dir='ltr'><strong>sine</strong></span> <span class='ocrx_word' id='word_1_8' title='bbox 1062 271 1184 342; x_wconf 88' lang='lat' dir='ltr'><strong>lege</strong></span> <span class='ocrx_word' id='word_1_9' title='bbox 1225 271 1471 333; x_wconf 81' lang='lat' dir='ltr'><strong>cateruas</strong></span> 
     </span>
     <span class='ocr_line' id='line_1_3' title="bbox 176 342 1555 400; baseline 0.001 -5"><span class='ocrx_word' id='word_1_10' title='bbox 176 342 374 396; x_wconf 86' lang='lat' dir='ltr'><strong>Uestro</strong></span> <span class='ocrx_word' id='word_1_11' title='bbox 412 343 714 398; x_wconf 86' lang='lat' dir='ltr'><strong>formarent</strong></span> <span class='ocrx_word' id='word_1_12' title='bbox 752 346 863 398; x_wconf 92' lang='lat' dir='ltr'><strong>ritu</strong></span> <span class='ocrx_word' id='word_1_13' title='bbox 903 345 971 398; x_wconf 88' lang='lat' dir='ltr'><strong>ad</strong></span> <span class='ocrx_word' id='word_1_14' title='bbox 1010 344 1307 400; x_wconf 90' lang='lat' dir='ltr'><strong>certamina</strong></span> <span class='ocrx_word' id='word_1_15' title='bbox 1344 342 1555 397; x_wconf 69' lang='lat' dir='ltr'><strong>Martis</strong></span> 
     </span>
     <span class='ocr_line' id='line_1_4' title="bbox 179 418 1697 490; baseline 0.003 -22"><span class='ocrx_word' id='word_1_16' title='bbox 179 419 283 469; x_wconf 88' lang='lat' dir='ltr'><strong>Ast</strong></span> <span class='ocrx_word' id='word_1_17' title='bbox 321 433 438 486; x_wconf 87' lang='lat' dir='ltr'><strong>eg0,</strong></span> <span class='ocrx_word' id='word_1_18' title='bbox 477 435 600 471; x_wconf 91' lang='lat' dir='ltr'><strong>cum</strong></span> <span class='ocrx_word' id='word_1_19' title='bbox 639 423 844 487; x_wconf 89' lang='lat' dir='ltr'><strong>contra,</strong></span> <span class='ocrx_word' id='word_1_20' title='bbox 880 420 1086 473; x_wconf 90' lang='lat' dir='ltr'><strong>nostris</strong></span> <span class='ocrx_word' id='word_1_21' title='bbox 1127 437 1264 490; x_wconf 88' lang='lat' dir='ltr'><strong>quae</strong></span> <span class='ocrx_word' id='word_1_22' title='bbox 1303 420 1460 487; x_wconf 87' lang='lat' dir='ltr'><strong>copia</strong></span> <span class='ocrx_word' id='word_1_23' title='bbox 1498 418 1697 487; x_wconf 72' lang='lat' dir='ltr'><strong>regniS,</strong></span> 
     </span>
     <span class='ocr_line' id='line_1_5' title="bbox 173 488 1862 562; baseline 0.002 -19"><span class='ocrx_word' id='word_1_24' title='bbox 173 488 333 544; x_wconf 90' lang='lat' dir='ltr'><strong>Nunc</strong></span> <span class='ocrx_word' id='word_1_25' title='bbox 372 491 490 544; x_wconf 89' lang='lat' dir='ltr'><strong>auri</strong></span> <span class='ocrx_word' id='word_1_26' title='bbox 526 491 740 560; x_wconf 87' lang='lat' dir='ltr'><strong>ferrem,</strong></span> <span class='ocrx_word' id='word_1_27' title='bbox 779 493 927 547; x_wconf 91' lang='lat' dir='ltr'><strong>niuei</strong></span> <span class='ocrx_word' id='word_1_28' title='bbox 965 512 1107 547; x_wconf 92' lang='lat' dir='ltr'><strong>nunc</strong></span> <span class='ocrx_word' id='word_1_29' title='bbox 1147 510 1370 547; x_wconf 90' lang='lat' dir='ltr'><strong>munera</strong></span> <span class='ocrx_word' id='word_1_30' title='bbox 1402 492 1596 562; x_wconf 77' lang='lat' dir='ltr'><strong>dentiS,</strong></span> <span class='ocrx_word' id='word_1_31' title='bbox 1777 505 1862 546; x_wconf 84' lang='grc'><strong>205</strong></span> 
     </span>
     <span class='ocr_line' id='line_1_6' title="bbox 174 563 1587 636; baseline 0.001 -19"><span class='ocrx_word' id='word_1_32' title='bbox 174 563 271 617; x_wconf 92' lang='lat' dir='ltr'><strong>Nil</strong></span> <span class='ocrx_word' id='word_1_33' title='bbox 310 565 460 618; x_wconf 87' lang='lat' dir='ltr'><strong>ualui</strong></span> <span class='ocrx_word' id='word_1_34' title='bbox 498 567 765 635; x_wconf 74' lang='lat' dir='ltr'><strong>precibus</strong></span> <span class='ocrx_word' id='word_1_35' title='bbox 829 569 975 622; x_wconf 87' lang='lat' dir='ltr'><strong>solos</strong></span> <span class='ocrx_word' id='word_1_36' title='bbox 1016 567 1122 621; x_wconf 91' lang='lat' dir='ltr'><strong>sibi</strong></span> <span class='ocrx_word' id='word_1_37' title='bbox 1161 568 1306 636; x_wconf 88' lang='lat' dir='ltr'><strong>cepit</strong></span> <span class='ocrx_word' id='word_1_38' title='bbox 1343 569 1587 636; x_wconf 86' lang='lat' dir='ltr'><strong>uterque,</strong></span> 
     </span>
     <span class='ocr_line' id='line_1_7' title="bbox 173 637 1562 711; baseline 0.001 -19"><span class='ocrx_word' id='word_1_39' title='bbox 173 637 321 700; x_wconf 83' lang='lat' dir='ltr'><strong>Quos</strong></span> <span class='ocrx_word' id='word_1_40' title='bbox 362 638 652 694; x_wconf 86' lang='lat' dir='ltr'><strong>cohibebat</strong></span> <span class='ocrx_word' id='word_1_41' title='bbox 691 642 824 695; x_wconf 92' lang='lat' dir='ltr'><strong>ebur</strong></span> <span class='ocrx_word' id='word_1_42' title='bbox 862 642 1093 711; x_wconf 86' lang='lat' dir='ltr'><strong>uaginae</strong></span> <span class='ocrx_word' id='word_1_43' title='bbox 1134 641 1352 709; x_wconf 79' lang='lat' dir='ltr'><strong>sectiliS,</strong></span> <span class='ocrx_word' id='word_1_44' title='bbox 1391 658 1562 694; x_wconf 82' lang='lat' dir='ltr'><strong>enses.</strong></span> 
     </span>
     <span class='ocr_line' id='line_1_8' title="bbox 176 711 1673 784; baseline 0.002 -19"><span class='ocrx_word' id='word_1_45' title='bbox 176 711 368 782; x_wconf 82' lang='lat' dir='ltr'><strong>Quare,</strong></span> <span class='ocrx_word' id='word_1_46' title='bbox 407 731 524 784; x_wconf 86' lang='lat' dir='ltr'><strong>age,</strong></span> <span class='ocrx_word' id='word_1_47' title='bbox 563 715 739 769; x_wconf 90' lang='lat' dir='ltr'><strong>laetus</strong></span> <span class='ocrx_word' id='word_1_48' title='bbox 778 716 917 769; x_wconf 90' lang='lat' dir='ltr'><strong>haue</strong></span> <span class='ocrx_word' id='word_1_49' title='bbox 956 719 1174 769; x_wconf 90' lang='lat' dir='ltr'><strong>nostros</strong></span> <span class='ocrx_word' id='word_1_50' title='bbox 1215 716 1421 768; x_wconf 89' lang='lat' dir='ltr'><strong>intrare</strong></span> <span class='ocrx_word' id='word_1_51' title='bbox 1459 714 1673 784; x_wconf 88' lang='lat' dir='ltr'><strong>penatis</strong></span> 
     </span>
     <span class='ocr_line' id='line_1_9' title="bbox 174 787 1792 859; baseline 0.002 -20"><span class='ocrx_word' id='word_1_52' title='bbox 174 787 272 856; x_wconf 88' lang='lat' dir='ltr'><strong>Ac,</strong></span> <span class='ocrx_word' id='word_1_53' title='bbox 311 805 433 841; x_wconf 92' lang='lat' dir='ltr'><strong>mea</strong></span> <span class='ocrx_word' id='word_1_54' title='bbox 473 789 686 858; x_wconf 91' lang='lat' dir='ltr'><strong>quando</strong></span> <span class='ocrx_word' id='word_1_55' title='bbox 728 790 886 843; x_wconf 87' lang='lat' dir='ltr'><strong>affert</strong></span> <span class='ocrx_word' id='word_1_56' title='bbox 925 789 1190 859; x_wconf 87' lang='lat' dir='ltr'><strong>Libycum</strong></span> <span class='ocrx_word' id='word_1_57' title='bbox 1227 788 1448 843; x_wconf 88' lang='lat' dir='ltr'><strong>fortuna</strong></span> <span class='ocrx_word' id='word_1_58' title='bbox 1485 807 1582 859; x_wconf 90' lang='lat' dir='ltr'><strong>per-</strong></span> <span class='ocrx_word' id='word_1_59' title='bbox 1620 788 1792 842; x_wconf 88' lang='lat' dir='ltr'><strong>undas</strong></span> 
     </span>
     <span class='ocr_line' id='line_1_10' title="bbox 174 860 1867 935; baseline 0.001 -22"><span class='ocrx_word' id='word_1_60' title='bbox 174 860 488 930; x_wconf 74' lang='lat' dir='ltr'><strong>Ductorem,</strong></span> <span class='ocrx_word' id='word_1_61' title='bbox 526 862 693 932; x_wconf 88' lang='lat' dir='ltr'><strong>facili,</strong></span> <span class='ocrx_word' id='word_1_62' title='bbox 733 882 869 935; x_wconf 87' lang='lat' dir='ltr'><strong>quae</strong></span> <span class='ocrx_word' id='word_1_63' title='bbox 910 864 1100 931; x_wconf 85' lang='lat' dir='ltr'><strong>dicam,</strong></span> <span class='ocrx_word' id='word_1_64' title='bbox 1138 863 1352 933; x_wconf 81' lang='lat' dir='ltr'><strong>percipe</strong></span> <span class='ocrx_word' id='word_1_65' title='bbox 1392 865 1589 916; x_wconf 88' lang='lat' dir='ltr'><strong>mente.</strong></span> <span class='ocrx_word' id='word_1_66' title='bbox 1780 875 1867 916; x_wconf 86' lang='lat'><strong>210</strong></span> 
     </span>
     <span class='ocr_line' id='line_1_11' title="bbox 174 934 1597 1009; baseline 0.002 -22"><span class='ocrx_word' id='word_1_67' title='bbox 174 934 252 988; x_wconf 85' lang='lat' dir='ltr'><strong>Et</strong></span> <span class='ocrx_word' id='word_1_68' title='bbox 291 953 406 1006; x_wconf 70' lang='grc'>1103,</span> <span class='ocrx_word' id='word_1_69' title='bbox 444 937 537 1004; x_wconf 91' lang='lat' dir='ltr'><strong>qui</strong></span> <span class='ocrx_word' id='word_1_70' title='bbox 576 937 770 1007; x_wconf 82' lang='lat' dir='ltr'><strong>Tyriae</strong></span> <span class='ocrx_word' id='word_1_71' title='bbox 809 939 1001 1009; x_wconf 84' lang='lat' dir='ltr'><strong>regitis</strong></span> <span class='ocrx_word' id='word_1_72' title='bbox 1042 935 1392 1008; x_wconf 73' lang='lat' dir='ltr'>Carthaginis</span> <span class='ocrx_word' id='word_1_73' title='bbox 1433 955 1597 1005; x_wconf 90' lang='lat' dir='ltr'><strong>arces,</strong></span> 
     </span>
     <span class='ocr_line' id='line_1_12' title="bbox 174 1008 1790 1083; baseline 0.002 -22"><span class='ocrx_word' id='word_1_74' title='bbox 174 1008 504 1079; x_wconf 84' lang='lat' dir='ltr'><strong>Hasdrubal,</strong></span> <span class='ocrx_word' id='word_1_75' title='bbox 543 1011 648 1065; x_wconf 92' lang='lat' dir='ltr'><strong>huc</strong></span> <span class='ocrx_word' id='word_1_76' title='bbox 689 1031 862 1083; x_wconf 77' lang='lat' dir='ltr'><strong>aureS,</strong></span> <span class='ocrx_word' id='word_1_77' title='bbox 900 1012 1007 1066; x_wconf 91' lang='lat' dir='ltr'><strong>huc</strong></span> <span class='ocrx_word' id='word_1_78' title='bbox 1046 1030 1245 1082; x_wconf 84' lang='lat' dir='ltr'><strong>quaeso</strong></span> <span class='ocrx_word' id='word_1_79' title='bbox 1286 1012 1556 1064; x_wconf 86' lang='lat' dir='ltr'><strong>aduertite</strong></span> <span class='ocrx_word' id='word_1_80' title='bbox 1588 1028 1790 1064; x_wconf 76' lang='lat' dir='ltr'><strong>sensus,</strong></span> 
     </span>
     <span class='ocr_line' id='line_1_13' title="bbox 175 1082 1690 1156; baseline 0.001 -20"><span class='ocrx_word' id='word_1_81' title='bbox 175 1082 391 1145; x_wconf 84' lang='lat' dir='ltr'><strong>Quanta</strong></span> <span class='ocrx_word' id='word_1_82' title='bbox 430 1102 526 1153; x_wconf 91' lang='lat' dir='ltr'><strong>per</strong></span> <span class='ocrx_word' id='word_1_83' title='bbox 564 1084 839 1139; x_wconf 90' lang='lat' dir='ltr'><strong>Ausonios</strong></span> <span class='ocrx_word' id='word_1_84' title='bbox 879 1087 1110 1156; x_wconf 90' lang='lat' dir='ltr'><strong>populos</strong></span> <span class='ocrx_word' id='word_1_85' title='bbox 1150 1086 1484 1140; x_wconf 72' lang='lat' dir='ltr'><strong>torrentibus</strong></span> <span class='ocrx_word' id='word_1_86' title='bbox 1526 1085 1690 1138; x_wconf 89' lang='lat' dir='ltr'><strong>armis</strong></span> 
     </span>
     <span class='ocr_line' id='line_1_14' title="bbox 178 1156 1527 1229; baseline 0.001 -20"><span class='ocrx_word' id='word_1_87' title='bbox 178 1156 500 1227; x_wconf 84' lang='lat' dir='ltr'><strong>Tempestas</strong></span> <span class='ocrx_word' id='word_1_88' title='bbox 540 1163 665 1211; x_wconf 85' lang='lat' dir='ltr'><strong>ruat</strong></span> <span class='ocrx_word' id='word_1_89' title='bbox 697 1163 751 1212; x_wconf 91' lang='lat' dir='ltr'><strong>et</strong></span> <span class='ocrx_word' id='word_1_90' title='bbox 790 1159 947 1213; x_wconf 86' lang='lat' dir='ltr'><strong>Latio</strong></span> <span class='ocrx_word' id='word_1_91' title='bbox 988 1178 1238 1229; x_wconf 89' lang='lat' dir='ltr'><strong>suprema</strong></span> <span class='ocrx_word' id='word_1_92' title='bbox 1278 1159 1527 1227; x_wconf 86' lang='lat' dir='ltr'><strong>minetur,</strong></span> 
     </span>
     <span class='ocr_line' id='line_1_15' title="bbox 176 1229 1868 1303; baseline 0 -19"><span class='ocrx_word' id='word_1_93' title='bbox 176 1229 360 1300; x_wconf 90' lang='lat' dir='ltr'><strong>thue</strong></span> <span class='ocrx_word' id='word_1_94' title='bbox 402 1232 595 1284; x_wconf 86' lang='lat' dir='ltr'><strong>bibant</strong></span> <span class='ocrx_word' id='word_1_95' title='bbox 627 1232 853 1302; x_wconf 83' lang='lat' dir='ltr'><strong>Tyrium</strong></span> <span class='ocrx_word' id='word_1_96' title='bbox 886 1235 968 1287; x_wconf 92' lang='lat' dir='ltr'><strong>bis</strong></span> <span class='ocrx_word' id='word_1_97' title='bbox 1010 1233 1201 1302; x_wconf 91' lang='lat' dir='ltr'><strong>quinos</strong></span> <span class='ocrx_word' id='word_1_98' title='bbox 1242 1251 1403 1286; x_wconf 89' lang='lat' dir='ltr'><strong>saeua</strong></span> <span class='ocrx_word' id='word_1_99' title='bbox 1442 1251 1537 1303; x_wconf 93' lang='lat' dir='ltr'><strong>per</strong></span> <span class='ocrx_word' id='word_1_100' title='bbox 1572 1250 1741 1285; x_wconf 88' lang='lat' dir='ltr'><strong>annos</strong></span> <span class='ocrx_word' id='word_1_101' title='bbox 1781 1245 1868 1285; x_wconf 82' lang='lat'><strong>215</strong></span> 
     </span>
     <span class='ocr_line' id='line_1_16' title="bbox 175 1304 1697 1378; baseline 0.001 -21"><span class='ocrx_word' id='word_1_102' title='bbox 175 1304 374 1358; x_wconf 80' lang='lat' dir='ltr'><strong>Sicana</strong></span> <span class='ocrx_word' id='word_1_103' title='bbox 411 1323 554 1359; x_wconf 88' lang='lat' dir='ltr'><strong>nunc</strong></span> <span class='ocrx_word' id='word_1_104' title='bbox 593 1307 773 1378; x_wconf 86' lang='lat' dir='ltr'><strong>tellus,</strong></span> <span class='ocrx_word' id='word_1_105' title='bbox 812 1325 955 1361; x_wconf 90' lang='lat' dir='ltr'><strong>nunc</strong></span> <span class='ocrx_word' id='word_1_106' title='bbox 994 1307 1154 1360; x_wconf 88' lang='lat' dir='ltr'><strong>litora</strong></span> <span class='ocrx_word' id='word_1_107' title='bbox 1194 1306 1400 1360; x_wconf 89' lang='lat' dir='ltr'><strong>Hibera</strong></span> <span class='ocrx_word' id='word_1_108' title='bbox 1439 1324 1697 1375; x_wconf 89' lang='lat' dir='ltr'><strong>cruorem,</strong></span> 
     </span>
     <span class='ocr_line' id='line_1_17' title="bbox 176 1377 1564 1451; baseline 0.001 -19"><span class='ocrx_word' id='word_1_109' title='bbox 176 1377 278 1432; x_wconf 85' lang='lat' dir='ltr'><strong>Oui</strong></span> <span class='ocrx_word' id='word_1_110' title='bbox 316 1381 528 1433; x_wconf 90' lang='lat' dir='ltr'><strong>nescire</strong></span> <span class='ocrx_word' id='word_1_111' title='bbox 567 1380 732 1435; x_wconf 77' lang='lat' dir='ltr'><strong>licet?</strong></span> <span class='ocrx_word' id='word_1_112' title='bbox 783 1382 914 1451; x_wconf 90' lang='lat' dir='ltr'><strong>quin</strong></span> <span class='ocrx_word' id='word_1_113' title='bbox 953 1399 1082 1450; x_wconf 84' lang='lat' dir='ltr'><strong>ergo</strong></span> <span class='ocrx_word' id='word_1_114' title='bbox 1122 1382 1307 1434; x_wconf 87' lang='lat' dir='ltr'><strong>tristia</strong></span> <span class='ocrx_word' id='word_1_115' title='bbox 1343 1381 1564 1434; x_wconf 88' lang='lat' dir='ltr'><strong>tandem</strong></span> 
     </span>
     <span class='ocr_line' id='line_1_18' title="bbox 178 1451 1598 1525; baseline 0.001 -19"><span class='ocrx_word' id='word_1_116' title='bbox 178 1451 482 1507; x_wconf 84' lang='lat' dir='ltr'><strong>Considunt</strong></span> <span class='ocrx_word' id='word_1_117' title='bbox 521 1455 680 1523; x_wconf 92' lang='lat' dir='ltr'><strong>bella,</strong></span> <span class='ocrx_word' id='word_1_118' title='bbox 720 1460 774 1508; x_wconf 90' lang='lat' dir='ltr'><strong>et</strong></span> <span class='ocrx_word' id='word_1_119' title='bbox 813 1455 1083 1525; x_wconf 89' lang='lat' dir='ltr'><strong>deponitis</strong></span> <span class='ocrx_word' id='word_1_120' title='bbox 1125 1473 1277 1509; x_wconf 91' lang='lat' dir='ltr'><strong>arma</strong></span> <span class='ocrx_word' id='word_1_121' title='bbox 1314 1453 1598 1508; x_wconf 76' lang='lat' dir='ltr'><strong>uolentes?</strong></span> 
     </span>
     <span class='ocr_line' id='line_1_19' title="bbox 173 1525 1572 1597; baseline 0.002 -18"><span class='ocrx_word' id='word_1_122' title='bbox 173 1525 258 1579; x_wconf 87' lang='lat' dir='ltr'><strong>Tu</strong></span> <span class='ocrx_word' id='word_1_123' title='bbox 298 1526 485 1597; x_wconf 87' lang='lat' dir='ltr'><strong>Libya,</strong></span> <span class='ocrx_word' id='word_1_124' title='bbox 523 1532 582 1581; x_wconf 87' lang='lat' dir='ltr'><strong>tu</strong></span> <span class='ocrx_word' id='word_1_125' title='bbox 622 1533 675 1582; x_wconf 87' lang='lat' dir='ltr'><strong>te</strong></span> <span class='ocrx_word' id='word_1_126' title='bbox 713 1527 959 1583; x_wconf 90' lang='lat' dir='ltr'><strong>Ausonia</strong></span> <span class='ocrx_word' id='word_1_127' title='bbox 998 1529 1250 1583; x_wconf 89' lang='lat' dir='ltr'><strong>cohibere</strong></span> <span class='ocrx_word' id='word_1_128' title='bbox 1291 1531 1572 1582; x_wconf 77' lang='lat' dir='ltr'><strong>memento,</strong></span> 
     </span>
     <span class='ocr_line' id='line_1_20' title="bbox 174 1599 1868 1657; baseline 0.002 -4"><span class='ocrx_word' id='word_1_129' title='bbox 174 1599 336 1654; x_wconf 88' lang='lat' dir='ltr'><strong>Haud</strong></span> <span class='ocrx_word' id='word_1_130' title='bbox 378 1601 634 1656; x_wconf 89' lang='lat' dir='ltr'><strong>deformis</strong></span> <span class='ocrx_word' id='word_1_131' title='bbox 675 1603 779 1656; x_wconf 90' lang='lat' dir='ltr'><strong>erit</strong></span> <span class='ocrx_word' id='word_1_132' title='bbox 816 1603 973 1657; x_wconf 86' lang='lat' dir='ltr'><strong>uobis</strong></span> <span class='ocrx_word' id='word_1_133' title='bbox 1015 1604 1082 1656; x_wconf 90' lang='lat' dir='ltr'><strong>ad</strong></span> <span class='ocrx_word' id='word_1_134' title='bbox 1123 1603 1338 1656; x_wconf 90' lang='lat' dir='ltr'><strong>foedera</strong></span> <span class='ocrx_word' id='word_1_135' title='bbox 1376 1603 1547 1655; x_wconf 87' lang='lat' dir='ltr'><strong>uersis</strong></span> <span class='ocrx_word' id='word_1_136' title='bbox 1782 1615 1868 1656; x_wconf 89' lang='grc'><strong>220</strong></span> 
     </span>
     <span class='ocr_line' id='line_1_21' title="bbox 173 1674 1659 1747; baseline 0.001 -20"><span class='ocrx_word' id='word_1_137' title='bbox 173 1674 409 1728; x_wconf 87' lang='lat' dir='ltr'><strong>Pacator</strong></span> <span class='ocrx_word' id='word_1_138' title='bbox 447 1676 764 1747; x_wconf 90' lang='lat' dir='ltr'><strong>mediusque</strong></span> <span class='ocrx_word' id='word_1_139' title='bbox 805 1675 1062 1747; x_wconf 64' lang='lat' dir='ltr'><strong>Syphax?</strong></span> <span class='ocrx_word' id='word_1_140' title='bbox 1127 1676 1466 1746; x_wconf 81' lang='lat' dir='ltr'><strong>Subiungere</strong></span> <span class='ocrx_word' id='word_1_141' title='bbox 1506 1677 1659 1745; x_wconf 88' lang='lat' dir='ltr'><strong>plura</strong></span> 
     </span>
     <span class='ocr_line' id='line_1_22' title="bbox 175 1747 1713 1820; baseline 0 -18"><span class='ocrx_word' id='word_1_142' title='bbox 175 1747 304 1802; x_wconf 91' lang='lat' dir='ltr'><strong>Non</strong></span> <span class='ocrx_word' id='word_1_143' title='bbox 342 1769 550 1820; x_wconf 79' lang='lat' dir='ltr'><strong>passuS,</strong></span> <span class='ocrx_word' id='word_1_144' title='bbox 592 1751 770 1820; x_wconf 86' lang='lat' dir='ltr'><strong>gentis</strong></span> <span class='ocrx_word' id='word_1_145' title='bbox 811 1770 1020 1805; x_wconf 92' lang='lat' dir='ltr'><strong>morem</strong></span> <span class='ocrx_word' id='word_1_146' title='bbox 1061 1751 1451 1819; x_wconf 89' lang='lat' dir='ltr'><strong>arbitriumque</strong></span> <span class='ocrx_word' id='word_1_147' title='bbox 1491 1754 1713 1803; x_wconf 89' lang='lat' dir='ltr'><strong>senatus</strong></span> 
     </span>
     <span class='ocr_line' id='line_1_23' title="bbox 176 1821 1547 1894; baseline 0.001 -19"><span class='ocrx_word' id='word_1_148' title='bbox 176 1821 357 1891; x_wconf 81' lang='lat' dir='ltr'><strong>Scipio</strong></span> <span class='ocrx_word' id='word_1_149' title='bbox 399 1823 756 1893; x_wconf 88' lang='lat' dir='ltr'><strong>demonstrat;</strong></span> <span class='ocrx_word' id='word_1_150' title='bbox 795 1826 1028 1894; x_wconf 88' lang='lat' dir='ltr'><strong>uanique</strong></span> <span class='ocrx_word' id='word_1_151' title='bbox 1069 1824 1329 1877; x_wconf 89' lang='lat' dir='ltr'><strong>absistere</strong></span> <span class='ocrx_word' id='word_1_152' title='bbox 1368 1824 1547 1891; x_wconf 91' lang='lat' dir='ltr'><strong>coepti</strong></span> 
     </span>
     <span class='ocr_line' id='line_1_24' title="bbox 176 1894 1700 1967; baseline 0.001 -19"><span class='ocrx_word' id='word_1_153' title='bbox 176 1894 285 1965; x_wconf 81' lang='lat' dir='ltr'><strong>Spe</strong></span> <span class='ocrx_word' id='word_1_154' title='bbox 325 1897 476 1949; x_wconf 87' lang='lat' dir='ltr'><strong>iubet</strong></span> <span class='ocrx_word' id='word_1_155' title='bbox 515 1901 569 1949; x_wconf 90' lang='lat' dir='ltr'><strong>et</strong></span> <span class='ocrx_word' id='word_1_156' title='bbox 607 1902 790 1967; x_wconf 88' lang='lat' dir='ltr'><strong>patres</strong></span> <span class='ocrx_word' id='word_1_157' title='bbox 831 1899 989 1951; x_wconf 89' lang='lat' dir='ltr'><strong>docet</strong></span> <span class='ocrx_word' id='word_1_158' title='bbox 1025 1898 1159 1951; x_wconf 89' lang='lat' dir='ltr'><strong>haec</strong></span> <span class='ocrx_word' id='word_1_159' title='bbox 1200 1897 1496 1967; x_wconf 85' lang='lat' dir='ltr'><strong>expendere</strong></span> <span class='ocrx_word' id='word_1_160' title='bbox 1537 1897 1700 1950; x_wconf 77' lang='lat' dir='ltr'><strong>solos,</strong></span> 
     </span>
     <span class='ocr_line' id='line_1_25' title="bbox 177 1968 1859 2042; baseline 0 -20"><span class='ocrx_word' id='word_1_161' title='bbox 177 1968 449 2023; x_wconf 83' lang='lat' dir='ltr'><strong>Suadendi</strong></span> <span class='ocrx_word' id='word_1_162' title='bbox 487 1971 678 2025; x_wconf 90' lang='lat' dir='ltr'><strong>modus</strong></span> <span class='ocrx_word' id='word_1_163' title='bbox 719 1968 829 2041; x_wconf 83' lang='lat' dir='ltr'><strong>hic3</strong></span> <span class='ocrx_word' id='word_1_164' title='bbox 869 1972 1117 2042; x_wconf 90' lang='lat' dir='ltr'><strong>quodque</strong></span> <span class='ocrx_word' id='word_1_165' title='bbox 1158 1974 1239 2024; x_wconf 89' lang='lat' dir='ltr'><strong>est</strong></span> <span class='ocrx_word' id='word_1_166' title='bbox 1280 1972 1344 2023; x_wconf 91' lang='lat' dir='ltr'><strong>de</strong></span> <span class='ocrx_word' id='word_1_167' title='bbox 1383 1973 1538 2041; x_wconf 90' lang='lat' dir='ltr'><strong>parte</strong></span> <span class='ocrx_word' id='word_1_168' title='bbox 1577 1970 1682 2023; x_wconf 89' lang='lat' dir='ltr'><strong>diei</strong></span> <span class='ocrx_word' id='word_1_169' title='bbox 1774 1983 1859 2023; x_wconf 86' lang='grc'><strong>225</strong></span> 
     </span>
     <span class='ocr_line' id='line_1_26' title="bbox 175 2043 1545 2115; baseline 0 -19"><span class='ocrx_word' id='word_1_170' title='bbox 175 2043 370 2097; x_wconf 83' lang='lat' dir='ltr'><strong>Exacti</strong></span> <span class='ocrx_word' id='word_1_171' title='bbox 410 2062 586 2114; x_wconf 89' lang='lat' dir='ltr'><strong>super,</strong></span> <span class='ocrx_word' id='word_1_172' title='bbox 626 2046 691 2098; x_wconf 91' lang='lat' dir='ltr'><strong>ad</strong></span> <span class='ocrx_word' id='word_1_173' title='bbox 733 2064 947 2099; x_wconf 89' lang='lat' dir='ltr'><strong>mensas</strong></span> <span class='ocrx_word' id='word_1_174' title='bbox 988 2052 1043 2099; x_wconf 90' lang='lat' dir='ltr'><strong>et</strong></span> <span class='ocrx_word' id='word_1_175' title='bbox 1081 2045 1275 2115; x_wconf 89' lang='lat' dir='ltr'><strong>pocula</strong></span> <span class='ocrx_word' id='word_1_176' title='bbox 1312 2047 1545 2097; x_wconf 88' lang='lat' dir='ltr'><strong>uertunt.</strong></span> 
     </span>
     <span class='ocr_line' id='line_1_27' title="bbox 175 2118 1759 2189; baseline 0.001 -20"><span class='ocrx_word' id='word_1_177' title='bbox 175 2118 371 2187; x_wconf 85' lang='lat' dir='ltr'><strong>Atque,</strong></span> <span class='ocrx_word' id='word_1_178' title='bbox 412 2120 584 2187; x_wconf 90' lang='lat' dir='ltr'><strong>epulis</strong></span> <span class='ocrx_word' id='word_1_179' title='bbox 624 2125 915 2189; x_wconf 86' lang='lat' dir='ltr'><strong>postquam</strong></span> <span class='ocrx_word' id='word_1_180' title='bbox 954 2119 1095 2189; x_wconf 84' lang='lat' dir='ltr'><strong>finis,</strong></span> <span class='ocrx_word' id='word_1_181' title='bbox 1135 2120 1266 2171; x_wconf 89' lang='lat' dir='ltr'><strong>dant</strong></span> <span class='ocrx_word' id='word_1_182' title='bbox 1306 2136 1532 2187; x_wconf 91' lang='lat' dir='ltr'><strong>corpora</strong></span> <span class='ocrx_word' id='word_1_183' title='bbox 1570 2135 1759 2171; x_wconf 91' lang='lat' dir='ltr'><strong>somno</strong></span> 
     </span>
     <span class='ocr_line' id='line_1_28' title="bbox 173 2190 1588 2247; baseline 0 -3"><span class='ocrx_word' id='word_1_184' title='bbox 173 2190 250 2244; x_wconf 86' lang='lat' dir='ltr'><strong>Et</strong></span> <span class='ocrx_word' id='word_1_185' title='bbox 290 2191 424 2244; x_wconf 90' lang='lat' dir='ltr'><strong>dura</strong></span> <span class='ocrx_word' id='word_1_186' title='bbox 462 2193 518 2244; x_wconf 92' lang='lat' dir='ltr'><strong>in</strong></span> <span class='ocrx_word' id='word_1_187' title='bbox 556 2197 773 2246; x_wconf 91' lang='lat' dir='ltr'><strong>noctem</strong></span> <span class='ocrx_word' id='word_1_188' title='bbox 814 2212 1063 2247; x_wconf 87' lang='lat' dir='ltr'><strong>curarum</strong></span> <span class='ocrx_word' id='word_1_189' title='bbox 1101 2193 1316 2246; x_wconf 89' lang='lat' dir='ltr'><strong>uincula</strong></span> <span class='ocrx_word' id='word_1_190' title='bbox 1355 2193 1588 2246; x_wconf 90' lang='lat' dir='ltr'><strong>soluunt.</strong></span> 
     </span>
    </p>

    <p class='ocr_par' dir='ltr' id='par_1_3' title="bbox 171 2265 1859 2411">
     <span class='ocr_line' id='line_1_29' title="bbox 243 2265 1638 2336; baseline 0.001 -18"><span class='ocrx_word' id='word_1_191' title='bbox 243 2265 466 2335; x_wconf 91' lang='lat' dir='ltr'><strong>Iamque</strong></span> <span class='ocrx_word' id='word_1_192' title='bbox 504 2285 706 2320; x_wconf 91' lang='lat' dir='ltr'><strong>nouum</strong></span> <span class='ocrx_word' id='word_1_193' title='bbox 746 2271 906 2321; x_wconf 86' lang='lat' dir='ltr'><strong>terris</strong></span> <span class='ocrx_word' id='word_1_194' title='bbox 947 2267 1197 2336; x_wconf 86' lang='lat' dir='ltr'><strong>pariebat</strong></span> <span class='ocrx_word' id='word_1_195' title='bbox 1237 2266 1422 2319; x_wconf 90' lang='lat' dir='ltr'><strong>limine</strong></span> <span class='ocrx_word' id='word_1_196' title='bbox 1461 2266 1638 2335; x_wconf 92' lang='lat' dir='ltr'><strong>primo</strong></span> 
     </span>
     <span class='ocr_line' id='line_1_30' title="bbox 171 2338 1859 2411; baseline 0.001 -20"><span class='ocrx_word' id='word_1_197' title='bbox 171 2338 473 2409; x_wconf 84' lang='lat' dir='ltr'><strong>Egrediens</strong></span> <span class='ocrx_word' id='word_1_198' title='bbox 513 2339 729 2395; x_wconf 90' lang='lat' dir='ltr'><strong>Aurora</strong></span> <span class='ocrx_word' id='word_1_199' title='bbox 769 2342 927 2411; x_wconf 86' lang='lat' dir='ltr'><strong>diem,</strong></span> <span class='ocrx_word' id='word_1_200' title='bbox 967 2341 1304 2411; x_wconf 88' lang='lat' dir='ltr'><strong>stabulisque</strong></span> <span class='ocrx_word' id='word_1_201' title='bbox 1343 2340 1601 2393; x_wconf 88' lang='lat' dir='ltr'><strong>subibant</strong></span> <span class='ocrx_word' id='word_1_202' title='bbox 1774 2351 1859 2392; x_wconf 85' lang='grc'><strong>230</strong></span> 
     </span>
    </p>
   </div>
   <div class='ocr_carea' id='block_1_3' title="bbox 278 2461 533 2466">
    <p class='ocr_par' dir='ltr' id='par_1_4' title="bbox 278 2461 533 2466">
     <span class='ocr_line' id='line_1_31' title="bbox 278 2461 533 2466; baseline 0 0"><span class='ocrx_word' id='word_1_203' title='bbox 278 2461 533 2466; x_wconf 95' lang='lat' dir='ltr'><strong> </strong></span> 
     </span>
    </p>
   </div>
   <div class='ocr_carea' id='block_1_4' title="bbox 175 2528 1867 2997">
    <p class='ocr_par' dir='ltr' id='par_1_5' title="bbox 175 2528 1867 2997">
     <span class='ocr_line' id='line_1_32' title="bbox 297 2528 1864 2586; baseline -0.001 -13"><span class='ocrx_word' id='word_1_204' title='bbox 297 2534 384 2573; x_wconf 87' lang='grc'><strong>204</strong></span> <span class='ocrx_word' id='word_1_205' title='bbox 417 2532 579 2574; x_wconf 73' lang='lat' dir='ltr'><strong>contra</strong></span> <span class='ocrx_word' id='word_1_206' title='bbox 620 2530 803 2586; x_wconf 78' lang='lat' dir='ltr'><strong>Withof</strong></span> <span class='ocrx_word' id='word_1_207' title='bbox 833 2530 995 2574; x_wconf 89' lang='lat' dir='ltr'><strong>nostra</strong></span> <span class='ocrx_word' id='word_1_208' title='bbox 1023 2534 1126 2572; x_wconf 75' lang='lat' dir='ltr'><strong>Lro</strong></span> <span class='ocrx_word' id='word_1_209' title='bbox 1166 2529 1323 2573; x_wconf 87' lang='lat' dir='ltr'><strong>uestra</strong></span> <span class='ocrx_word' id='word_1_210' title='bbox 1353 2532 1390 2571; x_wconf 83' lang='lat' dir='ltr'><strong>V</strong></span> <span class='ocrx_word' id='word_1_211' title='bbox 1430 2529 1587 2572; x_wconf 86' lang='lat' dir='ltr'><strong>uestro</strong></span> <span class='ocrx_word' id='word_1_212' title='bbox 1618 2528 1718 2573; x_wconf 83' lang='lat' dir='ltr'><strong>edd.</strong></span> <span class='ocrx_word' id='word_1_213' title='bbox 1750 2539 1864 2572; x_wconf 78' lang='lat' dir='ltr'><strong>non—</strong></span> 
     </span>
     <span class='ocr_line' id='line_1_33' title="bbox 177 2586 1865 2645; baseline -0.001 -15"><span class='ocrx_word' id='word_1_214' title='bbox 177 2589 334 2632; x_wconf 77' lang='lat' dir='ltr'><strong>nullae</strong></span> <span class='ocrx_word' id='word_1_215' title='bbox 365 2614 421 2621; x_wconf 88' lang='lat'>—</span> <span class='ocrx_word' id='word_1_216' title='bbox 453 2588 625 2633; x_wconf 85' lang='lat' dir='ltr'><strong>nostris</strong></span> <span class='ocrx_word' id='word_1_217' title='bbox 659 2594 684 2631; x_wconf 84' lang='lat' dir='ltr'>S</span> <span class='ocrx_word' id='word_1_218' title='bbox 734 2589 782 2632; x_wconf 89' lang='lat' dir='ltr'><strong>in</strong></span> <span class='ocrx_word' id='word_1_219' title='bbox 813 2587 985 2633; x_wconf 86' lang='lat' dir='ltr'><strong>nostris</strong></span> <span class='ocrx_word' id='word_1_220' title='bbox 1017 2590 1157 2645; x_wconf 75' lang='lat' dir='ltr'><strong>uulyo</strong></span> <span class='ocrx_word' id='word_1_221' title='bbox 1307 2591 1393 2631; x_wconf 83' lang='lat'><strong>208</strong></span> <span class='ocrx_word' id='word_1_222' title='bbox 1425 2587 1547 2631; x_wconf 87' lang='lat' dir='ltr'><strong>haue</strong></span> <span class='ocrx_word' id='word_1_223' title='bbox 1579 2591 1640 2630; x_wconf 81' lang='lat' dir='ltr'><strong>ch</strong></span> <span class='ocrx_word' id='word_1_224' title='bbox 1685 2586 1807 2630; x_wconf 83' lang='lat' dir='ltr'><strong>habe</strong></span> <span class='ocrx_word' id='word_1_225' title='bbox 1838 2589 1865 2627; x_wconf 79' lang='grc'><strong>8</strong></span> 
     </span>
     <span class='ocr_line' id='line_1_34' title="bbox 179 2643 1867 2705; baseline -0.002 -15"><span class='ocrx_word' id='word_1_226' title='bbox 179 2648 258 2700; x_wconf 84' lang='lat' dir='ltr'><strong>(cf.</strong></span> <span class='ocrx_word' id='word_1_227' title='bbox 283 2648 322 2690; x_wconf 93' lang='lat' dir='ltr'><strong>I.</strong></span> <span class='ocrx_word' id='word_1_228' title='bbox 351 2650 431 2703; x_wconf 88' lang='lat'><strong>61)</strong></span> <span class='ocrx_word' id='word_1_229' title='bbox 465 2649 611 2692; x_wconf 84' lang='lat' dir='ltr'><strong>habes</strong></span> <span class='ocrx_word' id='word_1_230' title='bbox 642 2648 843 2705; x_wconf 79' lang='lat' dir='ltr'><strong>Ruperti</strong></span> <span class='ocrx_word' id='word_1_231' title='bbox 890 2661 1021 2691; x_wconf 89' lang='lat' dir='ltr'><strong>ames</strong></span> <span class='ocrx_word' id='word_1_232' title='bbox 1053 2648 1127 2692; x_wconf 79' lang='lat' dir='ltr'><strong>uel</strong></span> <span class='ocrx_word' id='word_1_233' title='bbox 1157 2647 1268 2691; x_wconf 83' lang='lat' dir='ltr'><strong>ades</strong></span> <span class='ocrx_word' id='word_1_234' title='bbox 1302 2647 1440 2691; x_wconf 78' lang='lat' dir='ltr'><strong>Blass</strong></span> <span class='ocrx_word' id='word_1_235' title='bbox 1613 2650 1698 2690; x_wconf 82' lang='lat'><strong>209</strong></span> <span class='ocrx_word' id='word_1_236' title='bbox 1731 2643 1867 2689; x_wconf 84' lang='lat' dir='ltr'><strong>affert</strong></span> 
     </span>
     <span class='ocr_line' id='line_1_35' title="bbox 179 2703 1866 2764; baseline -0.001 -18"><span class='ocrx_word' id='word_1_237' title='bbox 179 2709 252 2747; x_wconf 86' lang='lat' dir='ltr'><strong>cm</strong></span> <span class='ocrx_word' id='word_1_238' title='bbox 277 2706 370 2762; x_wconf 76' lang='lat' dir='ltr'><strong>Ep.</strong></span> <span class='ocrx_word' id='word_1_239' title='bbox 396 2711 454 2750; x_wconf 82' lang='lat'><strong>74</strong></span> <span class='ocrx_word' id='word_1_240' title='bbox 478 2711 547 2749; x_wconf 69' lang='grc' dir='ltr'><strong>ΒΕ</strong></span> <span class='ocrx_word' id='word_1_241' title='bbox 586 2707 723 2751; x_wconf 91' lang='lat' dir='ltr'><strong>abest</strong></span> <span class='ocrx_word' id='word_1_242' title='bbox 748 2711 818 2749; x_wconf 85' lang='lat' dir='ltr'><strong>OV</strong></span> <span class='ocrx_word' id='word_1_243' title='bbox 841 2707 915 2761; x_wconf 88' lang='lat' dir='ltr'><strong>(T.</strong></span> <span class='ocrx_word' id='word_1_244' title='bbox 937 2721 985 2764; x_wconf 78' lang='lat' dir='ltr'><strong>p.</strong></span> <span class='ocrx_word' id='word_1_245' title='bbox 1009 2709 1119 2752; x_wconf 85' lang='grc'>220.</span> <span class='ocrx_word' id='word_1_246' title='bbox 1147 2709 1262 2761; x_wconf 81' lang='grc'>225)</span> <span class='ocrx_word' id='word_1_247' title='bbox 1339 2710 1425 2749; x_wconf 92' lang='grc'><strong>212</strong></span> <span class='ocrx_word' id='word_1_248' title='bbox 1450 2704 1542 2749; x_wconf 89' lang='lat' dir='ltr'><strong>huc</strong></span> <span class='ocrx_word' id='word_1_249' title='bbox 1567 2708 1637 2746; x_wconf 81' lang='lat' dir='ltr'><strong>ov</strong></span> <span class='ocrx_word' id='word_1_250' title='bbox 1668 2703 1776 2748; x_wconf 90' lang='lat' dir='ltr'><strong>hinc</strong></span> <span class='ocrx_word' id='word_1_251' title='bbox 1798 2706 1866 2745; x_wconf 66' lang='lat' dir='ltr'><strong>Iar</strong></span> 
     </span>
     <span class='ocr_line' id='line_1_36' title="bbox 179 2763 1867 2810; baseline -0.001 -4"><span class='ocrx_word' id='word_1_252' title='bbox 179 2768 267 2806; x_wconf 86' lang='grc'><strong>213</strong></span> <span class='ocrx_word' id='word_1_253' title='bbox 304 2765 590 2809; x_wconf 88' lang='lat' dir='ltr'><strong>torrentibus</strong></span> <span class='ocrx_word' id='word_1_254' title='bbox 624 2770 650 2808; x_wconf 79' lang='grc'><strong>8</strong></span> <span class='ocrx_word' id='word_1_255' title='bbox 696 2765 980 2810; x_wconf 87' lang='lat' dir='ltr'><strong>terrentibus</strong></span> <span class='ocrx_word' id='word_1_256' title='bbox 1011 2766 1158 2810; x_wconf 80' lang='lat' dir='ltr'><strong>Bothe</strong></span> <span class='ocrx_word' id='word_1_257' title='bbox 1187 2764 1483 2808; x_wconf 85' lang='lat' dir='ltr'><strong>horrentibus</strong></span> <span class='ocrx_word' id='word_1_258' title='bbox 1513 2777 1597 2808; x_wconf 69' lang='lat' dir='ltr'><strong>‘nos</strong></span> <span class='ocrx_word' id='word_1_259' title='bbox 1679 2766 1764 2806; x_wconf 82' lang='lat'><strong>215</strong></span> <span class='ocrx_word' id='word_1_260' title='bbox 1795 2763 1867 2805; x_wconf 91' lang='lat' dir='ltr'><strong>ter</strong></span> 
     </span>
     <span class='ocr_line' id='line_1_37' title="bbox 178 2820 1863 2880; baseline -0.002 -15"><span class='ocrx_word' id='word_1_261' title='bbox 178 2820 349 2877; x_wconf 86' lang='lat' dir='ltr'><strong>quinos</strong></span> <span class='ocrx_word' id='word_1_262' title='bbox 381 2824 677 2880; x_wconf 78' lang='lat' dir='ltr'><strong>Dausqueius</strong></span> <span class='ocrx_word' id='word_1_263' title='bbox 708 2826 787 2879; x_wconf 83' lang='lat' dir='ltr'><strong>(cf.</strong></span> <span class='ocrx_word' id='word_1_264' title='bbox 812 2839 857 2869; x_wconf 78' lang='lat' dir='ltr'><strong>u.</strong></span> <span class='ocrx_word' id='word_1_265' title='bbox 885 2827 993 2879; x_wconf 88' lang='lat'><em>151)</em></span> <span class='ocrx_word' id='word_1_266' title='bbox 1080 2829 1167 2868; x_wconf 89' lang='grc'><strong>223</strong></span> <span class='ocrx_word' id='word_1_267' title='bbox 1200 2825 1402 2879; x_wconf 85' lang='lat' dir='ltr'><strong>uanique</strong></span> <span class='ocrx_word' id='word_1_268' title='bbox 1429 2827 1534 2865; x_wconf 72' lang='lat' dir='ltr'><strong>chr</strong></span> <span class='ocrx_word' id='word_1_269' title='bbox 1574 2831 1774 2876; x_wconf 86' lang='lat' dir='ltr'><strong>namque</strong></span> <span class='ocrx_word' id='word_1_270' title='bbox 1797 2823 1863 2862; x_wconf 83' lang='lat' dir='ltr'><strong>Lo</strong></span> 
     </span>
     <span class='ocr_line' id='line_1_38' title="bbox 176 2879 1865 2939; baseline -0.001 -16"><span class='ocrx_word' id='word_1_271' title='bbox 176 2893 367 2936; x_wconf 90' lang='lat' dir='ltr'><strong>nanque</strong></span> <span class='ocrx_word' id='word_1_272' title='bbox 401 2886 451 2937; x_wconf 81' lang='lat' dir='ltr'><strong>V,</strong></span> <span class='ocrx_word' id='word_1_273' title='bbox 491 2885 614 2926; x_wconf 79' lang='lat' dir='ltr'><strong>unde</strong></span> <span class='ocrx_word' id='word_1_274' title='bbox 645 2897 847 2939; x_wconf 90' lang='lat' dir='ltr'><strong>namque</strong></span> <span class='ocrx_word' id='word_1_275' title='bbox 878 2883 1014 2926; x_wconf 90' lang='lat' dir='ltr'><strong>illum</strong></span> <span class='ocrx_word' id='word_1_276' title='bbox 1046 2884 1186 2939; x_wconf 74' lang='lat' dir='ltr'><strong>uulyo</strong></span> <span class='ocrx_word' id='word_1_277' title='bbox 1233 2881 1421 2937; x_wconf 90' lang='lat' dir='ltr'><strong>iamque</strong></span> <span class='ocrx_word' id='word_1_278' title='bbox 1452 2880 1586 2925; x_wconf 90' lang='lat' dir='ltr'><strong>illum</strong></span> <span class='ocrx_word' id='word_1_279' title='bbox 1617 2879 1865 2922; x_wconf 78' lang='lat' dir='ltr'><strong>Liuineius</strong></span> 
     </span>
     <span class='ocr_line' id='line_1_39' title="bbox 175 2937 1805 2997; baseline -0.002 -14"><span class='ocrx_word' id='word_1_280' title='bbox 175 2940 351 2995; x_wconf 78' lang='lat' dir='ltr'><strong>aliique</strong></span> <span class='ocrx_word' id='word_1_281' title='bbox 471 2945 556 2984; x_wconf 88' lang='grc'><strong>226</strong></span> <span class='ocrx_word' id='word_1_282' title='bbox 589 2940 767 2986; x_wconf 86' lang='lat' dir='ltr'><strong>Exacta</strong></span> <span class='ocrx_word' id='word_1_283' title='bbox 799 2947 825 2983; x_wconf 82' lang='lat' dir='ltr'><strong>s</strong></span> <span class='ocrx_word' id='word_1_284' title='bbox 949 2946 1033 2985; x_wconf 88' lang='grc'><strong>229</strong></span> <span class='ocrx_word' id='word_1_285' title='bbox 1067 2941 1229 2985; x_wconf 88' lang='lat' dir='ltr'><strong>limine</strong></span> <span class='ocrx_word' id='word_1_286' title='bbox 1263 2945 1335 2983; x_wconf 89' lang='lat' dir='ltr'><strong>cm</strong></span> <span class='ocrx_word' id='word_1_287' title='bbox 1359 2941 1450 2997; x_wconf 75' lang='lat' dir='ltr'><strong>Ep,</strong></span> <span class='ocrx_word' id='word_1_288' title='bbox 1480 2944 1538 2984; x_wconf 88' lang='lat'><strong>19</strong></span> <span class='ocrx_word' id='word_1_289' title='bbox 1569 2937 1745 2982; x_wconf 88' lang='lat' dir='ltr'><strong>lumine</strong></span> <span class='ocrx_word' id='word_1_290' title='bbox 1778 2941 1805 2980; x_wconf 76' lang='grc'><strong>8</strong></span> 
     </span>
    </p>
   </div>
  </div>
 </body>
</html>
