1988 3190
180 106 255 159 40
851 105 964 151 SILI
997 106 1221 154 ITALICI

182 241 286 296 Sed
325 261 557 313 paruum
599 242 759 296 decus
798 242 1114 298 Hannibali.
1174 263 1319 310 nam,
1357 245 1485 299 uitis
1524 246 1731 300 honore
1783 261 1872 303 465

181 316 506 371 Perfunctus
545 316 754 386 Latiae,
793 317 974 372 subito
1016 318 1331 373 stimularat
1378 320 1610 390 agrestis

187 390 627 461 Semermemque
666 409 887 445 manum
929 393 1274 446 sternendam
1314 393 1587 448 obiecerat
1622 394 1788 449 hosti.

180 464 278 519 Bis
327 469 539 534 septem
587 465 823 518 demissa
866 466 988 521 neci
1019 498 1093 505 —
1122 485 1221 520 nec
1270 468 1517 522 substitit
1566 486 1763 539 agmen
1806 501 1869 509 —

181 538 362 608 Milia3
404 540 755 609 bisseptem,
795 558 933 609 quae
972 559 1083 594 non
1126 542 1403 595 sollertior
1442 560 1584 608 ense,

181 612 285 667 Sed
326 631 498 684 genus
535 613 784 684 insigniS,
822 615 981 668 iustis
1024 615 1257 669 ducebat
1294 617 1352 669 in
1391 616 1557 669 armis
1785 631 1872 672 470

179 687 431 759 Fuluius3
471 691 558 741 ast
597 706 766 758 aeque
805 706 901 757 per
940 707 1168 759 corpora
1205 689 1329 744 fusa
1368 690 1640 744 iacentum

178 761 425 831 Raptum
463 761 570 815 iter
610 767 708 831 est,
747 762 1028 832 uictorque
1067 782 1278 818 moram
1317 783 1426 818 non
1464 783 1657 834 passus
1701 766 1874 820 eundi.

177 836 457 905 Exequiae
497 839 712 889 tantum
751 835 956 889 famam
992 856 1296 908 nomenque
1334 839 1612 893 uolentem

178 909 438 964 Mitificae
477 911 677 963 mentis
719 913 1012 964 tenuerunt
1049 911 1238 965 funere
1278 913 1438 966 laet0.
1786 927 1875 968 474

177 983 431 1054 Namque
465 1003 563 1053 per
595 985 836 1048 insidias,
874 985 1175 1053 infandum,
1216 990 1271 1039 et
1309 987 1378 1040 ab
1411 987 1628 1057 hospite
1668 1005 1876 1057 caesuS,

179 1056 528 1128 Colloquium
571 1061 625 1111 et
664 1058 937 1128 promissa
975 1060 1113 1130 petit
1152 1060 1279 1113 dum
1317 1060 1523 1130 perfida
1561 1061 1743 1131 gentis

175 1131 443 1201 Lucanae,
483 1131 780 1203 GracchuS,
811 1151 969 1187 caeco
1010 1134 1373 1188 circumdatus
1415 1140 1553 1204 astU,

177 1205 478 1276 Occiderat,
516 1206 837 1276 laudemque
876 1206 1048 1277 Libys
1086 1208 1337 1277 rapiebat
1373 1207 1648 1262 humandi.

256 1279 362 1334 Sed
400 1297 527 1349 non,
565 1284 628 1334 ut
669 1281 869 1334 scitum
909 1282 1143 1336 celerare
1184 1282 1253 1335 ad
1291 1283 1505 1336 moenia
1542 1281 1800 1352 Poenum,

175 1353 455 1408 Abstabat
493 1373 580 1408 res
619 1355 734 1407 ulla
772 1356 915 1408 loco:
969 1356 1080 1409 iam
1119 1357 1307 1410 consul
1346 1360 1573 1425 uterque
1783 1371 1870 1411 480

173 1427 504 1498 Praecipites
546 1428 790 1498 aderant,
844 1427 988 1483 Nola
1027 1430 1110 1484 uis
1153 1431 1355 1499 omnis,
1407 1434 1462 1484 et
1499 1430 1663 1500 Arpis

175 1502 315 1555 Aeui
354 1502 600 1556 floridior
634 1502 837 1556 Fabius
876 1504 1067 1573 rapida
1106 1522 1258 1557 arma
1295 1503 1526 1574 ferebat3

174 1576 317 1630 Hinc
356 1577 503 1631 Nero
546 1580 600 1629 et
642 1576 769 1631 hinc
807 1577 1045 1631 uolucris
1088 1577 1306 1632 Silanus
1344 1581 1503 1632 nocte
1543 1578 1735 1648 dieque

174 1650 502 1720 Impellebat
542 1669 710 1722 agens
749 1655 1041 1721 properata
1080 1653 1148 1705 ad
1187 1653 1334 1706 bella
1373 1652 1634 1706 cohortis,

172 1723 426 1794 Undique
467 1726 811 1793 conueniunt,
849 1726 1164 1795 pariterque
1205 1745 1478 1796 opponere
1510 1729 1732 1780 cunctos
1781 1739 1869 1780 485

172 1798 283 1852 Uni
323 1799 573 1852 ductores
614 1799 799 1851 iuueni
836 1800 1029 1867 placet.
1093 1800 1291 1852 arduus
1331 1801 1445 1869 ipse

173 1871 358 1925 Tifata
395 1872 602 1940 insidit,
646 1871 873 1942 propior
913 1891 1019 1941 qua
1050 1874 1342 1926 *moenibus
1381 1874 1555 1926 instat

176 1943 359 2014 Collis,
399 1950 453 1999 et
494 1964 522 1998 e
561 1946 789 1999 tumulis
828 1946 1131 2000 subiectam
1173 1947 1403 2017 despicit
1440 1948 1645 2000 urbem.

172 2018 379 2073 Uerum
418 2019 512 2073 ubi
552 2022 639 2073 tot
679 2038 796 2073 sese
836 2020 1394 2074 circumfundentibus
1434 2022 1599 2074 armis
1693 2026 1695 2029 ’

173 2093 426 2147 Uallatas
470 2094 675 2147 socium
716 2098 903 2163 portas
943 2112 1154 2164 unaque
1193 2097 1383 2165 negari
1779 2110 1867 2150 490

172 2167 471 2221 Intrauisse
513 2167 619 2221 sibi
660 2166 981 2238 Capuaeque
1021 2187 1299 2238 erumpere
1340 2169 1527 2239 cernit,

287 2332 376 2373 466
416 2327 598 2373 subitos
634 2327 818 2374 Gronov
849 2332 891 2373 et
922 2327 1151 2374 Heinsius
1332 2332 1418 2374 468
1457 2328 1568 2374 Plus
1610 2330 1790 2386 septem
1822 2334 1865 2375 et
1948 2381 1951 2384 Δ

167 2391 254 2432 469
286 2387 360 2431 bis
393 2389 573 2444 septem
607 2401 792 2444 quoque
830 2401 924 2431 non
956 2402 991 2431 s.
1025 2400 1063 2431 e.
1101 2387 1301 2445 Ruperti
1451 2393 1535 2433 471
1569 2387 1764 2434 Fuluius
1795 2393 1865 2432 Iar

169 2446 367 2491 Buluius
400 2450 471 2490 ov
503 2472 559 2479 —
593 2446 686 2504 ast]
721 2447 838 2491 haec
874 2445 1059 2492 Gronov
1173 2452 1259 2491 472
1293 2446 1446 2491 euntis
1482 2452 1508 2490 8
1615 2452 1704 2492 474
1734 2447 1863 2493 Miti-

169 2505 284 2550 ficae
318 2511 390 2549 cm
422 2506 484 2551 ad
515 2506 627 2551 Liu.
644 2521 695 2563 p.
722 2510 818 2551 520
848 2505 923 2558 (T.
944 2519 993 2562 p.
1022 2509 1134 2561 198)
1156 2509 1264 2548 LFV
1295 2505 1517 2551 Artificae
1543 2511 1574 2550 0
1606 2506 1863 2551 Horrificae

168 2565 310 2623 uulyo
386 2569 474 2610 475
507 2579 646 2610 caeso
672 2568 768 2607 chs
800 2564 918 2609 falso
944 2565 1145 2621 Ruperti
1217 2569 1304 2609 480
1327 2565 1560 2610 Abstabat
1585 2569 1663 2622 (=
1687 2567 1865 2621 aberat)

168 2636 255 2668 scr.
291 2624 370 2678 (cf.
403 2624 578 2669 Archiv
610 2626 645 2679 f.
671 2625 824 2668 latein.
858 2624 1222 2681 Lexicoyrapkie
1257 2624 1365 2669 VII.
1384 2639 1435 2681 p.
1460 2627 1576 2680 277)
1610 2624 1813 2669 Astabat
1836 2629 1863 2668 8

174 2681 260 2726 Sat
295 2682 452 2726 stabat
482 2684 779 2740 Dausqueius
816 2683 1048 2728 Restabat
1080 2697 1185 2740 spes
1218 2683 1316 2727 ulla
1349 2682 1453 2728 loco
1485 2685 1559 2728 uel
1580 2684 1681 2729 Hoc
1706 2683 1863 2728 stabat

175 2754 281 2797 spes
314 2739 402 2784 illa
442 2741 544 2786 loco
578 2742 805 2787 Heinsius
852 2741 1075 2788 Cessabat
1114 2756 1187 2786 res
1230 2741 1329 2786 ulla
1361 2779 1370 2789 .
1403 2742 1506 2787 loco
1549 2742 1732 2798 Withof
1770 2742 1862 2785 Ad-

175 2799 323 2845 fiabat
353 2814 460 2856 spes
493 2801 592 2844 ulla
616 2838 625 2846 .
652 2802 755 2846 loco
787 2802 933 2846 Bothe
1098 2806 1184 2846 482
1218 2801 1382 2845 rabida
1412 2805 1473 2843 eh
1504 2826 1558 2833 --
1591 2801 1772 2845 ferebat
1801 2805 1862 2843 eh

170 2858 386 2904 ferebant
402 2863 429 2901 8
502 2860 810 2923 483,ιιο1ιιοι·ἰε
828 2865 887 2903 eh
912 2861 1124 2905 uolucres
1142 2865 1168 2903 S
1185 2886 1240 2892 -—
1259 2859 1441 2903 Silanus
1458 2864 1519 2902 eh
1585 2864 1673 2904 487
1692 2859 1862 2904 Tefata.

88 2973 90 2976 ἱ
170 2917 338 2963 insidit
370 2921 431 2961 ch
466 2943 516 2950 —
551 2917 614 2962 Te
647 2918 747 2963 fata
779 2919 946 2964 incidit
977 2924 1002 2961 s
1125 2923 1210 2964 491
1251 2917 1507 2975 irrumpere
1546 2918 1773 2964 Heinsius
