1988 3190
602 121 959 168 PUNICORUM
990 121 1175 167 LIBER
1204 120 1347 167 XVII.
1710 119 1816 174 183

120 261 255 314 Pars
295 259 579 313 damnasse
619 259 788 313 aciem
828 260 883 311 et
922 258 1062 311 diuis
1101 257 1330 311 cessisse
1370 255 1622 310 sinistris

122 333 341 404 Ingruit
378 333 654 387 Ausonius
693 350 988 402 uersosque
1028 332 1144 400 agit
1182 348 1415 401 aequore
1454 333 1572 384 toto
1725 343 1812 384 585

119 408 336 476 Rector‚
373 408 590 477 iamque
628 407 780 477 ipsae
819 406 1099 476 trepidant
1138 404 1488 474 Carthaginis
1528 422 1690 458 arces,

118 482 390 551 Impletur
427 485 634 535 terrore
672 498 813 551 uago
854 483 1047 534 cuncta
1089 478 1274 532 Africa
1311 479 1484 548 pulsis

120 555 464 625 Agminibus,
502 555 814 625 uolucrique
850 555 982 625 fuga
1022 553 1136 607 sine
1174 552 1352 606 Marte
1390 556 1608 606 ruentes

122 629 376 683 Tendunt
413 632 675 683 attonitos
717 632 960 682 extrema
999 628 1066 681 ad
1103 627 1265 680 litora
1303 644 1490 680 cursus

121 703 204 756 Ac
242 703 613 758 Tartessiacas
651 703 872 773 profugi
911 704 1241 773 sparguntur
1278 701 1336 753 in
1375 718 1520 769 oras3
1725 714 1811 755 590

120 777 256 830 Pars
296 777 448 830 Batti
486 778 688 847 petiere
729 777 932 846 domos,
970 794 1098 846 pars
1137 775 1361 829 flumina
1399 773 1550 846 Lagi.

124 850 213 905 Sic
251 851 361 918 ubi,
399 852 457 904 ui
496 869 654 905 caeca
692 851 912 904 tandem
952 851 1210 919 deuictUS,
1250 849 1318 902 ad
1357 851 1509 902 astra

125 925 389 979 Euomuit
426 929 616 996 pastos
655 943 752 994 per
791 925 1006 978 saecula
1043 922 1278 977 Uesbius
1317 923 1486 992 igneS,

122 998 197 1052 Et
235 999 428 1069 pelago
469 1003 524 1053 et
561 999 720 1052 terris
758 998 883 1052 fusa
921 1001 1005 1052 est
1042 997 1313 1051 Uulcania
1351 998 1539 1066 pestis,

126 1071 324 1126 Uidere
363 1073 484 1144 Eoi,
522 1075 824 1126 monstrum
866 1072 1206 1142 admirabile,
1247 1069 1402 1124 Seres
1727 1084 1812 1125 595

125 1145 424 1218 Lanigeros
464 1147 641 1200 cinere
681 1145 924 1200 Ausonio
965 1163 1245 1199 canescere
1283 1146 1450 1198 lucos,

196 1220 274 1273 At
310 1221 515 1274 fessum
554 1221 762 1274 tumulo
801 1221 1020 1273 tandem
1060 1219 1252 1290 regina
1289 1219 1593 1288 propinquo

124 1292 286 1347 Sistit
323 1293 459 1347 Iuno
501 1295 704 1363 ducem,
742 1294 909 1347 facies
949 1293 1090 1346 unde
1129 1293 1305 1346 omnis
1345 1296 1401 1345 et
1440 1295 1591 1346 atrae

124 1369 408 1438 Apparent
446 1368 664 1421 admota
703 1368 872 1421 oculis
912 1367 1151 1437 uestigia
1189 1384 1420 1437 pugnae.

126 1441 356 1503 Qualem
398 1440 642 1510 Gargani
681 1460 930 1510 campum
968 1440 1300 1509 Trebiaeque
1340 1439 1593 1509 paludem
1725 1454 1812 1494 600

120 1515 196 1568 Et
235 1515 521 1584 Tyrrhena
558 1515 699 1569 uada
739 1519 794 1568 et
832 1514 1189 1568 Phaethontis
1229 1513 1440 1566 uiderat
1481 1531 1693 1566 amnem

122 1588 318 1658 Strage
358 1588 536 1642 uirum
575 1589 896 1658 undantem3
942 1589 1090 1658 talis,
1130 1586 1441 1640 miserabile
1488 1587 1625 1652 uisu,

122 1663 423 1717 Prostratis
462 1663 629 1716 facies
670 1662 911 1731 aperitur
949 1662 1067 1715 dira
1105 1661 1374 1730 maniplis.

124 1737 274 1790 Tunc
314 1755 536 1806 superas
576 1737 711 1790 Iuno
752 1737 903 1789 sedes
942 1737 1166 1789 turbata
1204 1735 1408 1788 reuisit.

124 1810 348 1880 Iamque
379 1811 825 1880 propinquabant
856 1810 1040 1863 hostes
1072 1810 1387 1878 tumuloque
1413 1809 1688 1879 subibant,
1729 1823 1814 1863 605

126 1882 261 1937 Cum
302 1902 483 1937 secum
521 1883 756 1938 Poenus:
796 1882 1046 1938 ‘Caelum
1085 1883 1213 1936 licet
1253 1901 1411 1937 omne
1453 1883 1633 1936 soluta

125 1957 190 2010 In
228 1961 392 2028 caput
430 1958 533 2012 hoc
573 1975 833 2027 compage
872 1962 1010 2026 ruat,
1046 1960 1330 2027 terraeque
1370 1957 1666 2026 dehiscant,

125 2031 253 2085 Non
292 2033 404 2085 ullo
446 2031 658 2086 Cannas
698 2032 957 2102 abolebiS,
996 2031 1218 2101 Iupiter,
1258 2049 1408 2101 aeu0,

130 2103 476 2175 Decedesque
515 2106 664 2174 prius
704 2105 901 2174 regniS,
941 2124 1103 2174 quam
1142 2105 1365 2157 nomina
1404 2107 1592 2175 gentes

128 2179 238 2231 Aut
268 2178 414 2232 facta
445 2178 771 2232 Hannibalis
804 2178 1015 2231 sileant.
1083 2195 1180 2231 nec
1213 2178 1404 2230 deinde
1443 2179 1687 2247 relinquo
1729 2191 1815 2232 610

127 2251 382 2305 Securam
421 2256 490 2318 te,
530 2253 720 2321 Roma,
759 2252 887 2322 mei3
925 2253 1239 2321 patriaeque
1281 2255 1555 2320 superstes

246 2516 335 2557 584
367 2512 490 2556 diuis
521 2518 588 2555 LE
637 2512 816 2569 superis
849 2517 919 2556 OV
1058 2517 1144 2558 588
1176 2513 1326 2558 morte
1359 2518 1386 2556 8
1433 2526 1560 2558 more
1593 2513 1818 2560 Heinsius

126 2576 168 2616 et
220 2571 415 2630 Bentley
615 2576 701 2616 590
756 2572 852 2630 Ac]
906 2570 970 2615 Hi
1022 2572 1244 2627 Lefebure
1277 2598 1330 2604 —
1365 2572 1666 2618 cartessiacas
1712 2577 1815 2616 LEO

127 2630 407 2675 cartesiacas
438 2634 476 2672 V
641 2634 726 2674 591
768 2631 891 2675 batti
922 2634 960 2672 V
1005 2631 1139 2676 bacci
1170 2635 1238 2673 Π·
1285 2630 1452 2676 bacchi
1485 2634 1515 2673 0
1551 2657 1603 2664 -—
1635 2632 1707 2676 lar
1741 2633 1758 2676 i
1790 2637 1816 2675 S

128 2694 214 2734 592
247 2688 297 2732 ui
329 2689 486 2747 caeca]
521 2688 570 2733 in
601 2703 713 2734 ceca
742 2694 775 2731 L
821 2689 984 2734 inceca
1013 2694 1086 2732 Ἐν
1132 2689 1306 2734 incelta
1339 2694 1370 2732 0
1464 2694 1556 2735 597
1589 2689 1671 2749 At]
1745 2693 1767 2736 t
1791 2697 1817 2735 S

129 2754 215 2793 600
257 2748 475 2804 garganii
522 2753 548 2791 8
729 2752 813 2793 601
858 2748 1096 2805 phetontis
1138 2753 1205 2791 LE
1262 2748 1454 2793 fetontis
1496 2752 1534 2791 V
1578 2749 1743 2795 frontis
1786 2754 1815 2792 0

131 2812 216 2851 602
254 2806 427 2864 uirum]
461 2820 574 2851 uera
604 2811 631 2849 Β
675 2807 780 2852 atra
808 2808 883 2852 uel
912 2806 1048 2864 nigra
1078 2807 1242 2864 Blass;
1274 2822 1337 2852 an
1367 2807 1467 2852 fera
1497 2808 1818 2854 scribendum?

129 2870 217 2910 604
255 2866 374 2909 Tum
412 2869 483 2907 0V
586 2870 671 2910 607
704 2865 949 2910 dehiscant
978 2869 1015 2908 V
1062 2866 1274 2911 dehiscat
1304 2870 1406 2909 LEO
1507 2871 1594 2911 610
1627 2866 1816 2925 sileant]

128 2924 284 2969 sinent
314 2929 368 2980 F,
417 2925 494 2969 sed
525 2923 696 2969 sileant
725 2929 831 2981 post
864 2938 1094 2982 suprascr.
