1988 3190
628 126 986 173 PUNICORUM
1015 127 1197 173 LIBER·
1228 128 1327 173 XII.
1764 129 1836 182 39

146 265 391 321 Infundit
430 263 636 333 campis
677 266 941 317 secretum
981 263 1198 334 gurgite
1237 266 1465 333 pontum
1503 293 1579 302 —
1744 278 1832 319 440

149 340 392 396 Inclusas
431 338 617 408 igitur,
657 338 850 408 quibus
889 338 1034 390 haud
1075 356 1233 391 enare
1274 338 1519 404 dabatur,

148 415 290 468 Arce
330 412 690 482 superposita,
729 411 977 465 claustris
1017 412 1184 465 maris
1225 412 1420 465 extulit
1459 416 1580 465 astu

147 489 355 558 Perque
395 504 585 540 auersa
621 486 751 539 tulit
788 488 1036 556 portatas
1077 504 1209 539 arua
1249 487 1477 539 carinas,

149 561 383 616 Lubrica
421 559 665 614 roboreis
706 559 929 613 aderant
968 560 1334 613 substramina
1373 560 1648 630 plaustriS,

150 635 347 706 Atque,
384 653 570 688 recens
610 633 752 687 caesi
790 636 947 704 tergo
986 634 1246 704 prolapsa
1285 634 1513 704 iuuenci,
1750 647 1836 688 445

151 710 493 780 Aequoream
532 710 657 760 rota
696 707 927 760 ducebat
965 726 1064 777 per
1102 707 1350 778 gramina
1390 708 1630 778 puppim.

149 784 225 837 Et
263 784 388 853 iam,
425 800 523 853 per
562 781 713 835 collis
754 781 1052 851 dumosque
1092 782 1159 834 ad
1196 781 1328 834 litus
1369 782 1576 851 adacta,

151 857 385 911 Innabat
423 856 620 926 pelago
659 856 881 908 ueniens
922 856 1037 908 sine
1075 855 1281 926 remige
1323 855 1530 908 classiS.

224 931 462 986 Nuntius
503 930 711 983 interea
749 930 920 982 uectis
960 947 1071 982 non
1110 947 1259 983 more
1298 929 1495 982 carinis

150 1005 467 1058 Terrentem
504 1003 646 1057 freta
684 1021 935 1056 curarum
971 1002 1280 1056 feruoribus
1318 1003 1529 1072 implet,
1746 1016 1835 1057 450

149 1078 293 1131 Dum
330 1077 521 1148 procul
552 1076 814 1130 Oebalios
854 1081 999 1129 amet
1038 1094 1344 1147 expugnare
1382 1081 1605 1146 nepotes

149 1152 226 1205 Et
263 1152 470 1222 primus
509 1150 701 1204 rostris
743 1151 917 1204 sulcet
953 1151 1243 1205 naualibus
1284 1169 1430 1220 arua,

152 1227 412 1280 Assessos
453 1224 670 1295 Capuae
710 1243 910 1292 muros,
949 1225 1187 1278 claustra
1225 1225 1346 1294 ipsa
1383 1225 1574 1277 reuelli

152 1300 457 1364 Portarum,
498 1317 560 1352 ac
597 1301 776 1352 totum
818 1298 1028 1351 miseris
1068 1299 1336 1352 incurrere
1375 1299 1595 1351 bellum.

151 1373 374 1444 Linquit
413 1376 607 1442 coepta
642 1372 812 1437 ferOX,
850 1390 1162 1442 pennasque
1201 1373 1429 1425 addente
1467 1373 1670 1441 pudore
1754 1385 1841 1427 455

151 1446 333 1517 Atque
370 1447 455 1500 ira
495 1447 671 1517 simul,
709 1446 936 1499 immani
973 1465 1070 1516 per
1110 1446 1359 1515 proxima
1397 1449 1548 1498 motu

152 1521 356 1575 Euolat
395 1524 450 1573 et
487 1520 748 1573 minitans
789 1519 948 1572 auida
987 1520 1056 1572 ad
1094 1519 1390 1572 certamina
1426 1520 1614 1572 fertur.

151 1594 313 1648 Haud
353 1612 524 1663 secuS,
565 1593 763 1646 amisso
804 1593 965 1662 tigris
1006 1593 1053 1645 si
1093 1594 1305 1646 concita
1343 1593 1458 1646 fetu

154 1667 384 1737 Emicet‚
426 1668 692 1720 attonitae
730 1667 918 1736 paucis
956 1667 1222 1720 lustratur
1260 1667 1319 1718 in
1355 1666 1505 1719 horis

152 1740 426 1796 Caucasus
466 1744 520 1794 et
560 1741 704 1794 saltu
742 1740 1071 1793 tramittitur
1109 1741 1239 1793 alite
1281 1739 1520 1811 Gange83
1748 1754 1836 1797 460

153 1815 340 1869 Donec
377 1814 639 1868 fulmineo
680 1817 870 1883 partus
908 1814 1142 1885 uestigia
1181 1832 1339 1867 cursu

155 1888 399 1960 Colligat
438 1892 493 1941 et
530 1889 736 1941 rabiem
775 1906 972 1956 prenso
1013 1892 1296 1941 consumat
1334 1888 1392 1940 in
1430 1888 1603 1941 hoste.

229 1962 435 2016 Obuius
473 1962 600 2016 huic
640 1980 829 2032 sparso
870 1960 1158 2015 Centenius
1200 1962 1417 2032 agmine
1455 1962 1656 2030 raptim

155 2036 435 2105 Funditur,
475 2036 705 2089 audendi
743 2054 943 2105 prauus
980 2036 1265 2105 facilisque
1303 2035 1537 2105 periclis,

276 2231 363 2271 440
387 2225 598 2270 Infundit
621 2231 694 2268 cm
709 2225 801 2281 Ep.
821 2229 881 2270 53
913 2224 1146 2269 Diffundit
1167 2229 1236 2267 H·
1267 2224 1474 2269 Effundit
1502 2229 1572 2267 ΟΥ
1656 2228 1741 2268 442
1769 2238 1843 2269 ex-

160 2285 255 2330 suit
280 2284 463 2330 Gronov
497 2285 675 2341 expulit
699 2284 925 2330 Heinsius
956 2283 1162 2328 extrahit
1194 2284 1379 2338 Withof
1476 2288 1562 2328 443
1586 2283 1785 2327 aduersa
1808 2288 1842 2325 F

162 2369 218 2377 —
259 2343 399 2402 tulit]
439 2342 572 2388 uehit
611 2344 797 2398 Withof
831 2368 886 2375 -
927 2343 1137 2399 portatas
1178 2357 1292 2387 arua
1335 2347 1396 2384 ch
1440 2342 1653 2399 portatus
1693 2354 1733 2388 a.
1774 2346 1842 2384 1AE

161 2404 376 2459 portatus
407 2403 457 2446 in
490 2416 531 2446 a.
565 2406 636 2445 ov
817 2405 904 2446 444
944 2403 1139 2446 aderant
1170 2406 1196 2444 8
1244 2401 1463 2445 sederant
1494 2405 1554 2443 eh
1596 2399 1677 2444 sed
1709 2403 1844 2445 erant

163 2460 436 2506 Lachmann
459 2462 521 2505 ad
544 2461 683 2505 Lucr.
711 2461 792 2505 VI.
820 2465 909 2505 613
935 2485 990 2492 -
1017 2459 1333 2504 substramina
1356 2464 1393 2501 V
1426 2457 1717 2503 substamina
1740 2463 1842 2502 1.Ἑο

162 2523 249 2563 445
274 2519 447 2576 Atque]
472 2518 617 2575 Inque
634 2519 906 2563 Lachmann
923 2520 950 2563 l.
969 2520 996 2562 l.
1024 2544 1079 2551 —
1104 2519 1322 2575 perlapsa
1339 2518 1544 2576 Scaliyer
1560 2522 1600 2562 et
1617 2517 1845 2564 Schrader

160 2582 261 2622 444.
288 2582 358 2622 45.
384 2583 441 2622 46
481 2577 529 2622 L.
562 2592 595 2622 r.
631 2578 711 2621 sed
751 2580 883 2622 erant
922 2577 1090 2622 substr.
1123 2577 1344 2633 aplustris
1383 2577 1537 2633 Atque
1573 2602 1625 2608 —
1658 2577 1844 2634 Aequo-

161 2650 291 2681 ream
321 2635 370 2680 in
401 2637 531 2680 freta·
556 2636 791 2680 ducebant
827 2652 872 2693 p.
906 2650 973 2692 gr.
1005 2651 1051 2692 p.
1083 2636 1223 2680 Blass
1432 2639 1519 2679 448
1550 2634 1783 2681 quabant
1812 2641 1845 2679 1.

162 2695 410 2740 Lunabant
442 2699 548 2737 FOV
683 2700 767 2739 451
801 2696 909 2738 auct
940 2695 1179 2739 Nicander
1209 2696 1379 2752 aliique
1410 2719 1466 2726 -—
1499 2697 1547 2739 et
1576 2708 1784 2752 pugnare
1819 2699 1845 2737 s

163 2759 249 2799 452
282 2754 346 2798 Ut
379 2758 405 2797 8
496 2757 582 2797 453
616 2753 834 2797 Assessos
859 2758 930 2795 cm
955 2753 1047 2809 Ep.
1075 2757 1101 2796 1
1133 2753 1205 2796 Ad
1236 2754 1380 2798 fessos
1404 2756 1441 2795 V
1467 2779 1521 2785 —
1545 2753 1780 2857 ipsagilla
1810 2758 1844 2796 F

162 2817 248 2858 456
275 2818 380 2870 post
409 2812 603 2856 immani
633 2813 859 2868 distinqui
888 2812 991 2856 uult
1023 2812 1246 2856 Heinsius
1345 2816 1430 2855 457
1464 2812 1601 2857 auide
1686 2813 1844 2858 raken-

163 2873 297 2918 borch
327 2877 368 2917 et
400 2873 625 2917 Schrader
708 2876 793 2915 462
827 2870 1030 2926 Colligat
1054 2875 1084 2913 0
1119 2869 1311 2928 Colligit
1334 2875 1440 2914 LFV
1521 2876 1606 2915 463
1641 2871 1748 2916 hinc
1773 2875 1844 2914 ov

164 2957 215 2963 —
252 2931 490 2976 centennis
521 2934 629 2973 Lov
675 2930 936 2974 certennuis
968 2934 1001 2971 F
