1988 3190
175 110 211 161 4
825 109 940 154 ΒΗΛ
970 84 1199 158 mmm

170 245 438 300 Consulta
478 249 534 299 et
578 245 803 298 tumidis
842 246 1081 300 incendit
1118 247 1343 300 uocibus
1385 265 1558 315 aureS,

175 318 445 373 Concordi
482 319 706 372 fremitu
746 323 1066 373 renuentum
1108 321 1401 374 effunditur
1440 339 1599 391 asper
1818 335 1874 375 70

175 393 315 447 Toto
357 413 386 447 e
426 393 656 447 concilio
697 393 926 458 clamor3
966 398 1083 447 tum
1123 395 1349 465 quisque
1387 395 1592 466 fatigat

176 467 532 538 IncrepitanS,
573 486 875 538 uocumque
914 468 1101 521 tremit
1139 469 1432 522 certamine
1470 469 1748 539 templum.

247 541 353 595 Hic
391 541 717 612 Torquatus,
758 561 919 596 auum
957 542 1137 596 fronte
1178 543 1496 614 aequauisse
1538 560 1725 596 seuera

182 614 423 669 Nobilis:
463 615 605 668 ‘Heu
645 615 832 686 Capua
869 619 1150 686 portantes
1189 617 1323 670 talia
1361 617 1509 670 dicta

176 689 459 743 Romuleis
499 689 774 756 durastiS,'
816 690 907 758 ait,
948 689 1259 756 ‘succedere
1297 691 1508 744 muris?
1819 704 1873 744 75

177 762 270 816 Ad
311 782 446 834 quos
485 782 597 817 non
635 764 754 817 ausi
794 762 1071 834 Carthago
1113 768 1275 834 atque
1314 764 1592 818 Hannibal
1631 782 1784 818 arma

173 836 309 891 Post
349 837 563 892 Cannas
604 839 794 891 afferre
835 839 997 892 suas?
1036 857 1407 908 numquamne
1447 857 1545 909 per
1586 838 1731 891 auris

122 941 126 944 ·
174 911 227 964 It
264 915 492 982 uestras,
532 913 588 965 in
627 911 860 981 Tarpeia
901 930 1023 965 cum
1063 913 1187 966 sede
1225 913 1407 966 Latini

179 984 413 1039 Orarent
451 985 622 1056 paria,
660 986 805 1039 haud
842 987 1043 1056 uerbiS,
1081 987 1225 1040 haud
1263 1005 1412 1056 uoce,
1451 987 1542 1040 sed
1585 987 1696 1040 acri

174 1058 501 1129 Propulsum
541 1060 746 1130 dextra,
785 1060 878 1131 qui
916 1063 1035 1113 tum
1073 1061 1331 1114 mandata
1371 1060 1604 1130 superbo
1817 1074 1873 1114 80

181 1132 287 1186 Ore
328 1134 672 1204 apportabat,
710 1137 867 1187 tanto
906 1153 1004 1203 per
1041 1135 1231 1188 limina
1268 1135 1458 1203 templi

177 1207 418 1261 Turbine
457 1208 808 1278 praecipitem
847 1208 1084 1262 reuoluti
1123 1213 1362 1279 corporis
1403 1211 1599 1277 actum,

179 1280 274 1349 Ut,
316 1300 478 1335 saeuo
519 1282 753 1335 afflictus
794 1300 939 1351 saxn,
980 1285 1259 1351 spectante
1298 1282 1472 1352 piaret

177 1355 383 1409 Tristia
423 1356 568 1409 dicta
604 1355 735 1409 Ioue
776 1359 830 1409 et
868 1356 1044 1409 lueret
1081 1357 1248 1409 uerba
1286 1356 1456 1426 impia
1494 1357 1642 1409 leto‘?

180 1429 267 1481 En
308 1447 409 1499 ego
449 1430 736 1498 progenies
777 1430 906 1500 eius,
946 1429 1040 1499 qui
1078 1430 1203 1483 sede
1243 1429 1510 1483 Tonantis
1818 1443 1875 1483 85

178 1502 410 1573 Expulit
448 1506 694 1556 orantem
735 1506 790 1556 et
827 1504 972 1557 nuda
1011 1501 1283 1574 Capitolia
1322 1503 1512 1557 consul

178 1576 438 1630 Defendit
477 1576 700 1631 dextra?
757 1577 1023 1631 Rabidum
1061 1578 1188 1631 hinc
1227 1578 1543 1647 palmasque
1581 1577 1825 1631 uirorum

181 1650 552 1705 Intentantem
593 1652 764 1705 oculis
803 1651 1161 1722 proauitaque
1199 1652 1346 1705 facta
1382 1654 1663 1721 parantem

182 1723 261 1777 Ut
300 1725 440 1778 uidit
477 1725 683 1778 maiore
725 1726 858 1778 adeo
899 1726 1208 1779 crudescere
1249 1728 1417 1795 motn,

180 1797 405 1868 Excipit
443 1799 529 1851 his
570 1799 824 1852 frendens
856 1798 1079 1851 Fabius:
1119 1798 1246 1852 ‘Pro
1288 1801 1482 1852 cuncta
1519 1799 1778 1867 pudendi!
1818 1813 1876 1852 90

183 1870 364 1937 Sedes,
406 1890 541 1940 ecce,
579 1875 751 1941 uacat,
790 1872 923 1925 belli
961 1872 1184 1925 uiduata
1221 1873 1482 1942 procella3

182 1944 371 2015 Quem,
410 1964 627 2014 quaeso,
668 1964 696 1998 e
735 1946 894 1999 uobis
932 1946 1059 2000 huic
1098 1946 1424 2016 imposuisse
1462 1946 1706 2015 paratis?

180 2019 351 2089 Inque
392 2020 572 2073 locum
609 2019 763 2072 Pauli
803 2038 1091 2088 quemnam
1133 2020 1312 2073 datis?
1354 2038 1424 2072 an
1461 2024 1572 2087 tua,
1609 2019 1773 2089 Uirri,

183 2092 368 2145 Prima
409 2097 570 2162 atque
612 2096 737 2146 ante
778 2093 913 2146 alias
955 2112 1088 2162 sorS,
1128 2094 1452 2147 concedente
1493 2096 1698 2162 senatu,
1826 2152 1838 2164 ,

184 2166 259 2219 Te
301 2167 435 2220 citat
474 2185 535 2220 ac
575 2168 777 2220 nostris
818 2171 1015 2236 aequat
1053 2167 1162 2220 iam
1201 2186 1440 2236 purpura
1478 2165 1705 2221 Brutis?
1820 2181 1876 2220 95

183 2240 225 2309 I,
266 2241 500 2310 demenS,
538 2240 572 2310 i,
612 2259 719 2310 quo
758 2241 959 2311 tendis;
999 2241 1101 2294 tibi
1138 2241 1345 2310 perfida
1383 2241 1556 2294 fasces

304 2390 360 2430 69
393 2387 441 2430 et
472 2398 554 2430 om.
589 2391 615 2428 S
769 2391 822 2430 71
856 2385 981 2444 tum]
1015 2400 1155 2443 quem
1186 2387 1259 2430 ael
1290 2386 1415 2442 quod
1446 2386 1520 2430 ael
1551 2400 1643 2442 quo
1676 2385 1877 2443 Ruperti

185 2458 294 2488 nam
326 2445 401 2488 ael
432 2444 544 2488 dum
574 2458 657 2490 tnos
759 2450 812 2489 72
845 2444 1005 2489 fremit
1035 2445 1263 2490 Schrader
1355 2449 1413 2489 74
1444 2446 1630 2502 Capuae
1653 2445 1878 2491 Heinsius

188 2507 244 2546 75
275 2501 529 2548 Romuleos
557 2529 610 2535 -
636 2518 794 2548 muros
816 2504 1018 2561 Ruperti
1041 2505 1142 2549 coll.
1171 2505 1233 2550 X.
1261 2508 1353 2549 596
1449 2509 1502 2548 77
1528 2512 1826 2560 nunquamne
1852 2508 1878 2547 s

189 2566 243 2605 78
275 2563 460 2605 nostras
495 2567 525 2605 0
690 2568 744 2607 81
780 2563 1064 2619 apportabat
1094 2568 1154 2606 ch
1195 2564 1472 2620 asportabat
1504 2568 1530 2605 S
1564 2589 1618 2596 —
1651 2562 1816 2607 limina
1846 2566 1877 2605 0

185 2620 366 2663 lumina
395 2625 504 2663 LFV
541 2622 618 2676 (cf.
646 2637 691 2665 a.
715 2625 832 2677 103)
986 2627 1042 2667 84
1075 2622 1207 2680 Ioue]
1248 2623 1352 2666 leue
1384 2627 1418 2664 Ε·
1569 2627 1625 2666 87
1662 2621 1878 2666 rabidum

186 2678 255 2723 ed.
282 2678 391 2723 Αἶά.
440 2679 658 2735 rapidum
691 2685 787 2724 chs
821 2706 877 2714 —
910 2681 1018 2726 hinc
1051 2686 1112 2725 ch
1232 2686 1287 2726 88
1320 2682 1561 2726 Intentans
1585 2685 1692 2723 Lov
1723 2680 1876 2725 Inten-

186 2738 284 2780 tam
316 2742 350 2778 F
480 2743 536 2782 90
568 2753 652 2795 pro
677 2743 735 2782 ed
769 2740 843 2795 (T.
863 2754 915 2797 p.
938 2743 1052 2797 215)
1086 2766 1141 2773 --
1173 2753 1320 2797 prope
1351 2739 1515 2784 iuncta
1538 2739 1762 2784 Heinsius
1791 2751 1877 2795 pro

185 2797 418 2839 monstra!
451 2796 561 2852 pud.
593 2797 843 2843 Burmann
876 2813 960 2856 pro
995 2814 1178 2844 summa
1208 2814 1254 2856 p.
1289 2799 1515 2844 Schrader
1659 2801 1713 2840 91
1747 2797 1875 2854 ecce]

187 2868 283 2899 una
315 2854 543 2899 Schrader
701 2862 756 2901 92
798 2857 907 2902 huic
941 2862 1013 2901 LV
1059 2857 1169 2903 hinc
1199 2862 1267 2899 ΕΟ
1431 2861 1487 2901 94
1526 2857 1636 2901 ante
1667 2855 1784 2900 alias
1817 2859 1878 2898 eh

190 2926 231 2957 a.
265 2911 383 2958 alios
410 2919 435 2956 S
560 2919 614 2958 95
647 2915 816 2959 uestris
848 2920 881 2958 0
