1988 3190
615 131 976 178 PUNICORUM
1008 131 1194 177 LIBER
1224 131 1324 175 XII.
1674 137 1677 139 ’
1728 132 1795 184 31

191 269 636 340 Polydamanteis
675 267 884 321 iuuenis
924 267 1192 320 Pedianus
1232 268 1291 320 in
1329 267 1496 320 armis

111 345 272 398 Bella
310 343 558 414 agitabat
596 344 753 395 atrox
792 341 1131 411 Troianaque
1173 341 1382 395 semina
1419 343 1475 394 et
1514 343 1664 394 ortus

111 419 295 488 Atque
333 416 649 470 Antenorea
688 434 805 469 sese
846 415 909 468 de
951 416 1119 484 stirpe
1157 415 1385 483 ferebat,

111 492 273 546 Haud
310 491 485 545 leuior
524 489 737 560 generis
777 489 924 542 fama
964 507 1226 559 sacroque
1265 489 1492 542 Timauo
1713 503 1797 543 215

112 565 303 620 Gloria
342 568 397 618 et
432 563 710 634 Euganeis
749 563 1010 617 dilectum
1048 582 1248 617 nomen
1286 564 1344 616 in
1383 563 1508 616 oris,

112 639 252 694 Huic
290 641 443 709 pater
480 638 750 691 Eridanus
788 636 1134 707 Uenetaeque
1175 656 1239 690 ex
1279 637 1466 691 ordine
1505 639 1695 705 gentes

110 714 290 783 Atque
329 710 525 782 Apono
566 711 808 781 gaudens
847 712 1097 782 popuIUS,
1137 730 1232 764 seu
1270 712 1414 764 bella
1454 710 1621 764 cieret

112 787 216 841 Seu
255 786 442 840 Musas
481 785 726 854 placidus
767 785 1062 855 doctaeque
1103 785 1322 839 silentia
1360 785 1505 838 uitae

108 861 302 914 Mallet
342 863 396 914 et
433 859 611 913 Aonio
650 859 859 928 plectro
899 860 1133 913 mulcere
1172 859 1403 928 labores,
1707 872 1792 912 220

108 935 236 989 Non
275 935 449 987 ullum
488 933 668 986 dixere
707 951 915 1002 parem3
952 952 1050 986 nec
1081 933 1263 986 notior
1303 934 1440 986 alter

111 1008 348 1062 Gradiuo
387 1007 615 1072 iuueniS,
652 1025 751 1060 nec
789 1006 1011 1061 Phoebo
1050 1007 1234 1060 notior
1273 1007 1429 1060 alter.

109 1081 212 1145 Qui
249 1085 557 1152 postquam,
595 1080 779 1134 effusis
818 1098 1017 1151 urgens
1056 1080 1291 1151 uestigia
1327 1080 1496 1134 frenis

107 1156 428 1225 Poenorum,
465 1155 619 1208 iuxta
659 1156 870 1223 galeam
913 1158 1076 1224 atque
1114 1155 1326 1224 insigne
1364 1155 1637 1225 perempti

107 1230 355 1301 Agnouit
393 1230 629 1300 spolium
666 1227 822 1282 Pauli
847 1259 917 1266 —-
944 1247 1078 1298 puer
1115 1229 1214 1282 illa
1251 1229 1492 1299 gerebat,
1708 1242 1792 1282 225

106 1302 235 1358 Non
274 1322 444 1373 paruo
485 1304 661 1356 laetus
700 1301 939 1356 ductoris
979 1321 1215 1373 munere,
1255 1301 1476 1373 Cinyps,

108 1378 353 1431 Dilectus
391 1377 573 1430 Poeno
615 1375 834 1446 Cinyps
875 1395 981 1447 quo
1016 1377 1226 1446 gratior
1268 1395 1362 1430 ora

106 1450 236 1505 Non
273 1451 378 1504 fuit
417 1469 480 1504 ac
517 1451 669 1503 nulla
706 1452 874 1504 nituit
910 1451 1034 1519 plus
1071 1451 1254 1504 fronte
1295 1450 1527 1520 decoris;

108 1524 277 1587 Quale
316 1524 483 1578 micat
523 1542 841 1593 semperque
872 1543 1075 1578 nouum
1108 1527 1206 1592 est,
1237 1523 1379 1593 quod
1410 1523 1627 1577 Tiburis
1661 1541 1793 1576 aura

106 1599 302 1668 Pascit,
342 1599 489 1667 ebur,
526 1599 613 1650 uel
653 1598 746 1667 qui
783 1599 920 1651 miro
960 1598 1208 1651 candoris
1248 1598 1452 1650 honore
1704 1610 1790 1650 230

106 1672 278 1727 Lucet
315 1673 373 1725 in
411 1689 538 1724 aure
578 1672 735 1741 lapiS‚
773 1671 952 1725 rubris
993 1672 1249 1725 aduectus
1290 1672 1359 1724 ab
1399 1670 1557 1724 undis
1586 1700 1652 1709 —

108 1745 278 1808 Quem
317 1749 608 1815 postquam
648 1747 925 1816 egregium
965 1745 1145 1799 cristis
1185 1747 1240 1797 et
1279 1744 1487 1798 casside
1524 1747 1658 1798 nota

106 1819 429 1890 Fulgentem
469 1822 709 1872 extremo
749 1818 1020 1873 Pedianus
1058 1819 1117 1871 in
1157 1820 1372 1889 agmine
1413 1818 1568 1887 uidit,

108 1891 218 1947 Ceu
260 1895 439 1947 subita
479 1896 604 1946 ante
645 1895 827 1947 oculos
867 1893 1025 1946 Pauli
1065 1893 1373 1946 emersisset
1411 1892 1594 1963 imago

107 1966 332 2022 Sedibus
372 1966 598 2020 infernis
639 1968 944 2037 amissaque
982 1970 1230 2036 posceret
1268 1985 1436 2036 arma,
1705 1979 1789 2019 235

105 2040 323 2094 Inuadit
363 2041 636 2094 frendens:
676 2041 868 2110 εΤιιιυε,
906 2041 1276 2111 ignauissime,
1316 2041 1457 2094 sacri

107 2114 359 2168 Portabis
399 2114 608 2184 capitiS,
649 2133 785 2184 quae
823 2133 934 2167 non
973 2115 1088 2168 sine
1128 2114 1350 2167 crimine
1390 2115 1571 2166 uester

109 2188 429 2257 Inuidiaque
470 2188 628 2241 deum
668 2192 910 2258 gestaret
946 2188 1192 2259 tegmina
1231 2186 1458 2240 ductor?

108 2261 197 2314 En
235 2260 471 2315 Paulus?
552 2261 729 2315 Uocat
766 2262 890 2315 inde
930 2262 1035 2315 uiri
1074 2262 1142 2315 ad
1183 2261 1496 2329 spectacula>
1532 2260 1709 2312 manis

107 2334 184 2388 Et
222 2335 482 2405 fugientis
523 2336 637 2406 agit
676 2336 840 2389 costis
879 2335 1214 2404 penetrabile
1253 2335 1435 2387 telum.
1704 2345 1790 2385 240

107 2408 261 2477 Tum,
301 2409 555 2477 delapsus
598 2428 751 2479 equ0,
790 2410 1004 2478 galeam
1044 2412 1205 2478 atque
1243 2407 1481 2476 insignia
1521 2406 1705 2476 magni

227 2587 312 2626 212
344 2581 713 2626 Pulidamanteis
743 2587 800 2639 Β,
839 2583 917 2627 sed
949 2595 975 2626 o
1005 2595 1234 2638 suprascr.
1416 2584 1503 2624 215
1535 2592 1726 2624 sacroue
1757 2584 1790 2622 Ι.

109 2645 196 2685 218
229 2653 382 2697 opano
414 2644 516 2683 Lro
564 2653 715 2696 opauo
746 2645 785 2682 V
986 2644 1074 2685 220
1104 2639 1254 2684 Aonio
1295 2639 1521 2684 Heinsius
1567 2638 1730 2684 aonios
1763 2643 1789 2681 s

109 2704 194 2743 221
229 2699 402 2744 duxere
433 2699 657 2744 Heinsius
754 2704 841 2744 222
872 2699 915 2744 h.
941 2713 986 2744 u.
1010 2701 1155 2743 inser„
1172 2704 1246 2742 cm
1267 2698 1359 2755 Ep.
1387 2701 1462 2754 53,
1493 2701 1619 2742 extat
1648 2698 1700 2742 in
1721 2701 1789 2740 ΜΞ·

107 2760 226 2803 deest
255 2760 308 2803 in
340 2762 410 2801 ov
441 2758 516 2812 (T.
534 2773 584 2815 p.
610 2760 723 2812 224)
759 2783 811 2791 -—
845 2759 999 2802 natior
1030 2762 1091 2801 ch
1115 2758 1190 2813 (T.
1208 2772 1258 2814 p.
1284 2760 1420 2813 211),
1458 2758 1581 2802 unde
1611 2756 1791 2812 gratior

106 2818 180 2862 uel
211 2818 361 2862 carior
392 2817 617 2862 Heinsius
795 2820 882 2861 227
917 2830 999 2861 ora
1029 2821 1090 2859 ch
1130 2816 1246 2862 hora
1278 2820 1308 2859 0
1489 2820 1575 2860 229
1609 2828 1790 2871 semper

106 2877 232 2978 ῗοᾶ
256 2880 328 2919 ov
449 2881 533 2921 231
569 2875 629 2920 ab
660 2874 788 2920 Indis
821 2875 1047 2922 Schrader
1070 2890 1105 2921 c.
1131 2876 1230 2921 edd.
1256 2881 1360 2921 uett.
1470 2878 1557 2919 234
1590 2873 1687 2918 Ceu
1718 2878 1790 2916 cm
