1988 3190
609 97 968 144 PUNICORUM
997 97 1179 143 LIBER
1210 97 1330 143 XVI.
1710 100 1816 152 147

126 233 244 287 Iam
285 237 466 287 uestra
504 235 744 287 tumulos
783 237 931 286 terra
970 234 1242 286 celebrare
1283 252 1526 288 meorum

125 307 230 360 Est
270 309 478 361 animus
515 325 820 378 pacemque*
850 308 976 360 dare
1016 308 1431 376 exposcentibus
1471 309 1693 362 u-mbriS.

126 381 307 435 Mente
345 381 526 435 fauete
565 382 682 452 pari
723 385 887 450 atque
928 399 1084 434 aures
1126 381 1390 434 aduertite
1430 385 1656 436 uestras,

130 453 374 524 Septima
412 474 537 523 cum*
574 455 706 508 solis
744 455 1096 508 renouabitur
1137 455 1316 508 orbita
1354 457 1516 525 cae10‚
1729 470 1815 512 295

129 527 336 598 Quique
377 529 541 582 armis
580 529 830 598 ferroque
869 529 1074 598 ualent,
1114 529 1310 600 quique
1351 532 1466 582 arte
1505 530 1725 598 regendi

126 601 486 673 Quadriiugos
525 603 734 671 pollent
773 620 978 670 curruS‚
1019 603 1139 671 quis
1178 602 1392 656 uincere
1432 603 1624 672 planta

125 674 257 744 Spes
299 679 396 746 est,
435 679 490 729 et
529 676 768 729 studium
807 676 998 729 iaculis
1037 676 1316 745 impellere
1357 680 1565 746 uentw,

120 748 320 802 Adsint
359 768 422 803 ac
459 749 718 819 pulchrae
751 752 961 803 certent
999 749 1064 803 de
1104 749 1262 803 laude
1302 768 1549 804 coronae.

120 820 370 876 Praemia
402 823 566 894 digna
597 823 751 892 dabo,
785 842 812 876 e
838 822 1004 893 Tyria
1036 823 1210 893 spolia
1241 823 1445 877 incluta
1467 825 1683 895 praeda,
1721 840 1811 880 300

120 894 234 949 Nec
275 896 559 966 quisquam
597 897 774 950 nostri
815 896 1050 950 discedet
1089 897 1326 950 muneris
1367 898 1592 966 expers,²

121 969 209 1022 Sic
249 969 404 1023 donis
443 971 665 1041 uulgum
704 970 1033 1039 laudumque
1073 971 1320 1040 cupidine
1359 971 1617 1025 flammat.

193 1043 415 1114 Iamque
454 1044 567 1097 dies
605 1043 885 1113 praedicta
923 1044 1124 1111 aderat,
1164 1047 1426 1114 coetuque
1466 1047 1696 1100 sonabat

119 1115 410 1170 Innumero
449 1135 684 1187 campuS,
725 1118 1115 1187 simulatasque
1155 1118 1341 1171 ordine
1382 1119 1525 1172 iusto

117 1189 390 1260 Exequias
430 1194 606 1244 rector
645 1191 883 1244 lacrimis
924 1191 1154 1244 ducebat
1193 1192 1414 1246 obortis.
1720 1208 1807 1247 305

118 1260 308 1317 Omnis
346 1264 533 1334 Hiber,
573 1265 747 1317 omnis
782 1263 941 1317 Latio
984 1265 1081 1317 sub
1123 1266 1339 1318 nomine
1381 1266 1535 1318 miles

116 1336 275 1390 Dona
311 1337 494 1390 ferunt
531 1338 863 1407 tumulisque
904 1356 1064 1407 super
1103 1338 1460 1408 flagrantibus
1502 1339 1717 1392 addunt.

117 1409 258 1480 Ipse,
297 1414 486 1464 tenens
525 1429 666 1464 nunc
706 1412 863 1480 laete,
903 1429 1053 1464 sacro
1094 1430 1235 1465 nunc
1273 1412 1434 1480 plena
1471 1411 1651 1482 Lyaeo

116 1481 332 1553 Pocula,
371 1484 653 1537 odoriferis
694 1484 932 1554 aspergit
962 1484 1187 1537 floribus
1229 1503 1365 1538 aras,

117 1556 256 1609 Tum
294 1558 469 1610 manis
509 1561 667 1611 uocat
706 1557 908 1611 excitos
948 1558 1240 1627 laudesque
1279 1559 1522 1612 uirorum
1716 1574 1802 1615 310

118 1628 252 1682 Cum
291 1630 423 1684 fletu
463 1632 607 1684 canit
647 1634 702 1683 et
738 1634 1027 1684 ueneratur
1068 1631 1212 1685 facta
1250 1632 1535 1685 iacentum.

115 1702 246 1756 Inde
285 1704 452 1757 refert
491 1722 606 1758 sese
646 1704 787 1758 circo
829 1709 884 1758 et
923 1706 1218 1758 certamina
1256 1705 1432 1775 prima
1547 1761 1550 1763 ,

111 1775 345 1830 Inchoat
384 1795 444 1831 ac
484 1778 701 1848 rapidos
743 1796 930 1831 cursus
962 1779 1219 1847 proponit
1260 1797 1534 1848 equorum.

111 1847 367 1904 Fluctuat
406 1869 671 1921 aequoreo
711 1851 931 1904 fremitu
971 1852 1226 1920 rabieque
1266 1851 1561 1919 fauentum,

110 1921 427 1978 Carceribus
464 1925 703 1978 nondum
741 1925 1009 1994 reserati8‚
1046 1926 1242 1979 mobile
1283 1926 1480 1996 uulgus
1709 1941 1798 1982 315

110 1994 294 2066 Atque
332 1997 476 2051 fores
518 1998 684 2052 oculis
726 2002 781 2051 et
811 1998 999 2051 limina
1038 2002 1221 2051 seruat
1254 2018 1525 2068 equorum.

181 2069 418 2141 Iamque,
455 2072 547 2124 ubi
586 2072 801 2141 prolato
844 2090 1067 2125 sonuere
1107 2073 1369 2142 repagula
1411 2073 1586 2143 signo,

109 2140 186 2196 Et
225 2146 344 2197 toto
384 2145 561 2213 prima
601 2145 820 2198 emicuit
858 2145 949 2197 uix
988 2146 1192 2215 ungula
1231 2164 1412 2214 cornu,

116 2214 349 2269 Tollitur
385 2217 442 2269 in
482 2219 689 2271 caelum
729 2218 913 2271 furiali
953 2219 1169 2271 turbine
1211 2219 1430 2271 clamor.

227 2422 312 2462 292
356 2420 512 2463 uestra
555 2423 625 2462 0V
678 2420 842 2463 nostra
882 2424 950 2462 ΒΕ
1129 2424 1215 2463 293
1259 2419 1364 2478 Est]
1411 2419 1521 2465 Fert
1563 2421 1795 2468 Heinsius

106 2481 194 2521 294
223 2476 381 2521 fauere
414 2482 440 2519 8
473 2503 528 2510 -
559 2479 739 2522 nostras
773 2482 803 2520 0
910 2483 995 2522 299
1029 2478 1100 2535 ac]
1136 2479 1185 2521 et
1218 2482 1288 2521 ΟΥ
1400 2484 1485 2523 300
1519 2480 1731 2525 Praemia
1756 2486 1794 2523 V

105 2534 263 2579 Prima
292 2539 393 2577 ΠΟ
429 2560 483 2567 -
517 2550 541 2580 e
574 2536 820 2581 Liuineius
859 2538 906 2580 et
937 2541 964 2579 Β
1115 2541 1201 2580 304
1234 2536 1557 2593 similatasque
1589 2538 1792 2596 Ruperti

105 2595 183 2647 (ef.
210 2594 284 2638 ΙΙ.
310 2596 420 2648 553)
513 2597 598 2638 305
630 2594 805 2638 abortis
839 2598 910 2636 ov
1001 2599 1085 2639 309
1117 2594 1327 2654 floribus]
1360 2595 1543 2640 roribus
1572 2599 1793 2644 Heinsius

106 2657 189 2696 311
224 2651 350 2697 canit
381 2654 427 2696 et
457 2654 705 2697 ueneratur
735 2652 887 2697 Barth
930 2654 1085 2697 cantet
1123 2659 1370 2699 ueneratur
1399 2659 1500 2697 LFo
1547 2658 1708 2701 cantet
1741 2658 1791 2702 et

103 2723 208 2755 uen.
242 2715 277 2752 V
322 2714 508 2755 caneret
537 2725 639 2756 uen.
674 2715 735 2753 eh
777 2723 940 2755 canere
973 2714 1020 2756 et
1050 2712 1264 2755 uenerari
1295 2713 1518 2759 Heinsius
1592 2719 1676 2759 313
1704 2717 1779 2773 ac]

105 2771 152 2813 et
182 2773 219 2811 V
384 2773 470 2813 314
501 2769 752 2827 aequoreo]
787 2771 986 2825 aequato
1019 2770 1242 2815 Heinsius
1286 2770 1467 2815 interea
1497 2773 1570 2817 uel
1599 2772 1779 2819 incerto

104 2828 329 2873 Schrader
476 2831 562 2871 316
602 2827 780 2872 lumina
812 2832 882 2870 ov
1039 2832 1124 2873 318
1155 2829 1278 2888 toto]
1312 2830 1438 2875 moto
1470 2831 1693 2877 Heinsius
1725 2857 1780 2866 -»

108 2887 270 2945 cornu]
304 2900 438 2930 curru
470 2886 710 2942 Schrader,
739 2887 816 2931 sed
847 2886 904 2940 ef.
939 2886 1066 2944 Very.
1094 2887 1171 2931 Ge.
1196 2887 1308 2931 III.
1335 2893 1399 2933 88

1344 2964 1435 3005 10*
