1988 3190
622 118 983 173 PUNICORUM
1011 128 1195 173 LIBER
1223 128 1323 176 XII.
1743 130 1814 183 25

122 262 307 317 Factis
345 263 617 334 iactastis,
657 263 800 333 quod
839 264 994 316 uobis
1036 265 1289 318 scandere
1328 284 1499 336 nuper

122 336 250 390 Non
289 337 402 390 acie
443 356 507 390 ex
545 337 666 407 ipsa
705 355 1016 391 concessum
1056 338 1270 391 moenia
1309 339 1541 410 Romae,

122 410 330 464 Intrate
372 413 535 481 atque
576 411 765 480 epulas
803 412 1098 481 promissas
1140 413 1263 465 sede
1303 412 1566 468 Tonantis

120 483 246 552 His,
286 503 423 555 quae
463 484 628 538 Graia
667 503 858 539 manus
899 485 1161 551 defendit,
1199 487 1406 540 reddite
1445 486 1640 542 tectis.'

120 557 276 612 Talia
313 559 554 612 iactabat
590 558 873 630 famaeque
911 560 1115 628 pudore
1153 559 1388 630 futurae,
1754 577 1811 618 50

119 631 314 685 Irritus
354 632 557 702 incepti
595 634 772 702 prima
811 634 856 686 si
896 634 1186 687 absisteret
1224 635 1378 700 urbe,

121 705 375 759 Audebat
412 709 606 760 cuncta
645 711 806 776 atque
847 708 1076 761 acuebat
1113 707 1395 762 fraudibus
1435 728 1603 764 enses,

122 778 228 832 Sed
266 777 479 833 subitae
519 781 688 834 muris
727 781 976 834 flammae
1014 784 1241 851 totoque
1280 782 1522 838 fluebant

120 854 356 924 Aggeris
397 853 647 907 anfractu
685 855 798 908 tela
836 855 1134 925 improuisa
1174 874 1270 924 per
1309 875 1486 911 auras.

121 926 283 980 Haud
322 945 496 994 schS‚
538 928 772 981 occuluit
811 929 927 982 saxi
967 947 1073 998 quo
1113 930 1315 983 uertice
1353 930 1498 984 fetus
1754 947 1810 988 55

119 999 252 1054 Ales
291 1001 443 1054 fulua
482 1001 651 1071 Iouis7
690 1002 859 1055 tacito
901 1003 946 1055 si
988 1002 1056 1055 ad
1095 1004 1330 1057 culmina
1367 1005 1491 1058 nisu

118 1073 318 1128 Euasit
358 1093 578 1145 serpens
618 1078 893 1146 terretque
931 1077 1266 1146 propinquus
1306 1078 1477 1150 hiatu,

118 1147 245 1219 Illa,
283 1148 499 1202 hostem
538 1152 718 1203 rostro
759 1154 921 1219 atque
962 1152 1193 1204 assuetis
1232 1152 1464 1205 fulmina
1501 1152 1642 1207 ferre

120 1221 410 1293 Unguibus
448 1224 746 1292 incessenS,
783 1224 899 1277 nidi
937 1224 1292 1278 circumuolat
1331 1227 1533 1280 orbem.

194 1297 434 1350 Tandem
475 1297 540 1350 ad
581 1297 787 1351 uicinos
828 1296 1122 1351 Cumarum
1160 1302 1372 1353 uertere
1411 1304 1600 1371 portus
1753 1317 1809 1357 60

118 1368 376 1423 Defessus
416 1371 585 1424 subiit
622 1372 880 1442 uarioque
919 1372 1183 1425 lacessere
1223 1377 1376 1427 motu

118 1443 423 1498 Fortunam
463 1447 517 1497 et
555 1445 733 1498 famae
773 1446 1042 1499 turbando
1084 1446 1302 1500 obstare
1342 1447 1608 1503 sinistrae.

119 1516 224 1571 Sed
263 1521 444 1571 custos
484 1519 605 1571 urbi
645 1519 940 1587 GracchuS,
979 1520 1153 1572 tutela
1192 1521 1279 1572 uel
1318 1521 1451 1590 ipsis

121 1589 353 1659 Certior,
394 1592 613 1645 arcebat
653 1594 818 1645 muris
859 1593 1163 1662 iterumque
1203 1594 1385 1646 sedere

118 1664 299 1718 Portis
340 1667 505 1735 atque
545 1666 724 1719 aditus
763 1668 961 1719 iterum
1002 1685 1218 1736 sperare
1257 1669 1496 1722 uetabat.
1752 1686 1807 1726 65

118 1737 344 1792 Lustrat
381 1739 539 1810 inops
580 1739 748 1793 animi
785 1741 1118 1810 rimaturque
1158 1741 1340 1794 omnia
1379 1743 1577 1796 circum

122 1813 264 1865 Alite
303 1817 490 1866 uectus
531 1832 668 1884 equo
709 1832 1000 1883 rursusque
1039 1815 1349 1868 hortatibus
1390 1817 1512 1870 infit

118 1885 367 1939 Laudum
407 1887 616 1957 agitare
656 1906 803 1941 suos:
845 1887 969 1942 ‘Pro
1009 1888 1077 1961 di,
1118 1889 1236 1958 quis
1276 1890 1576 1961 terminus‚'
1617 1893 1794 1962 inquit

119 1958 281 2012 ‘Ante
320 1961 483 2014 urbes
523 1962 702 2017 standi
741 1961 957 2032 Graias,
998 1962 1163 2016 oblite
1203 1966 1421 2017 tuorum
1795 1937 1810 1964 ⁷

238 2109 296 2150 46
329 2104 487 2150 Factis
520 2111 547 2151 8
577 2106 706 2152 Fatis
737 2108 878 2166 uulyo
906 2132 961 2140 —
994 2107 1126 2152 uobis
1150 2111 1187 2150 V
1219 2108 1353 2153 nobis
1376 2114 1480 2152 1.Ὲο
1602 2115 1658 2155 48
1692 2112 1807 2156 aede

118 2165 343 2210 Heinsius
455 2169 512 2210 49
543 2165 720 2222 Hisque
753 2170 780 2209 8
892 2170 947 2210 51
980 2166 1159 2224 incepti
1192 2168 1387 2213 Marsus
1418 2170 1589 2225 aliique
1618 2170 1809 2227 incepta

120 2229 146 2266 8
178 2229 219 2269 et
249 2225 388 2282 uulyo
419 2251 475 2258 —
507 2225 660 2283 prima.
689 2226 762 2270 uel
803 2224 943 2283 primi
974 2225 1201 2271 Heinsius
1244 2225 1410 2283 primis
1444 2231 1585 2270 Ghov
1632 2230 1807 2284 primus

118 2287 186 2325 Η·
226 2287 267 2327 et
295 2284 436 2340 uulyo
470 2310 523 2317 —
555 2285 770 2341 inceptus
808 2285 961 2342 prima
997 2284 1150 2330 Barth
1194 2284 1373 2342 incepti
1403 2285 1583 2331 Poenus
1624 2288 1807 2333 Gronov

117 2339 297 2398 incepti
327 2344 402 2387 uel
442 2344 623 2388 insessa
653 2345 725 2387 uel
768 2343 995 2400 obsaepta
1026 2343 1203 2400 primus
1236 2345 1532 2401 Dausqueius
1692 2351 1748 2391 53
1781 2361 1806 2391 e

118 2399 262 2444 muris
296 2406 338 2446 et
367 2402 595 2458 pluebant
625 2402 853 2447 Heinsius
973 2407 1148 2447 55—59
1179 2404 1259 2448 hos
1285 2417 1444 2449 uersus
1467 2405 1606 2449 Blass
1633 2411 1804 2461 postu.

120 2462 176 2503 65
200 2460 320 2515 poni
349 2463 453 2505 uult
573 2465 629 2506 55
662 2475 754 2517 quo
787 2461 927 2506 Blass
969 2475 1083 2517 qnos
1117 2467 1143 2505 8
1183 2476 1302 2517 quae
1333 2463 1557 2507 Heinsius
1588 2477 1691 2508 cum
1723 2465 1806 2510 Li-

117 2518 301 2563 uineius
330 2523 373 2563 et
402 2519 699 2577 Dausqueius
812 2526 867 2564 56
899 2520 1002 2565 nisu
1033 2525 1067 2562 Ε
1106 2520 1213 2564 uisu
1243 2525 1349 2563 Lov
1465 2526 1521 2565 58
1553 2522 1747 2568 fulmine
1779 2529 1805 2567 Β

121 2581 176 2621 59
216 2575 379 2621 nidum
423 2592 461 2622 c.
493 2578 659 2623 umbra
697 2578 924 2626 Schrader
1104 2584 1158 2623 61
1200 2579 1345 2624 subiit
1376 2584 1436 2622 ch
1482 2580 1659 2639 subigit
1690 2589 1716 2627 8
1751 2609 1805 2616 —

125 2635 318 2681 Defesso
351 2635 498 2680 subiit
530 2637 713 2683 Gronov
744 2643 785 2682 et
807 2637 1033 2682 Heinsius
1063 2637 1308 2682 Defessum
1341 2637 1486 2682 subiit
1515 2640 1737 2695 Lefebure
1763 2647 1805 2687 et

121 2693 268 2739 Bothe
298 2694 516 2740 Defessos
550 2696 694 2740 subiit
722 2696 922 2753 Ruperti
952 2695 1163 2741 Defessos
1196 2696 1373 2754 subigit
1403 2697 1554 2742 Barth
1584 2699 1805 2746 Defessus

117 2751 297 2809 subigit
334 2754 527 2800 Ernesti
669 2759 723 2799 65
764 2754 918 2799 Portis
952 2760 978 2797 s
1024 2754 1190 2799 Portus
1221 2759 1281 2798 011
1321 2781 1377 2788 —-
1416 2756 1598 2815 sedere,
1638 2759 1804 2805 Portus

117 2811 446 2858 Drakenborch
482 2815 653 2870 aliique
691 2829 724 2858 s,
767 2814 838 2858 Ad
878 2815 1037 2871 portas
1077 2813 1324 2870 aditusque
1365 2815 1589 2862 Heinsius
1628 2833 1661 2862 s.
1696 2819 1804 2863 Por-

119 2873 365 2927 tarumque
398 2871 553 2917 aditus
595 2873 779 2928 Withof
801 2874 960 2917 tenere
992 2873 1160 2917 Portus
1185 2873 1432 2919 Burmann
1462 2889 1627 2922 nocere
1651 2876 1803 2922 Portis

118 2930 192 2974 uel
223 2928 360 2975 ferire
385 2929 549 2975 Portas
574 2931 773 2989 Ruperti
805 2935 860 2978 68
892 2931 973 2987 qui
1006 2936 1036 2974 0
