1988 3190
152 125 223 178 74
813 121 929 169 SILI
960 123 1189 170 ITALICI

146 260 477 329 Hasdrubal,
516 261 750 330 abrupto
789 260 1064 330 liqueruniz
1103 260 1320 330 agmine
1360 256 1548 332 signa(

145 335 295 389 Tunc
333 335 511 389 hostis
553 335 699 388 socio
741 334 984 388 desertos
1017 334 1208 404 milite,
1247 335 1480 389 multum

143 410 326 463 Ditior
364 409 481 479 ipse
521 408 672 477 uiriS‚
713 409 889 478 spisso
930 409 1281 463 circumdedit
1319 409 1464 463 orbe.

142 483 270 537 Non
309 483 492 554 segnis
532 482 692 536 nobis
730 501 827 536 nec
865 482 1072 552 inultis,
1109 486 1250 552 nate,
1289 486 1512 554 peracta
1550 487 1636 538 est
1748 497 1836 540 685

141 557 251 611 Illa
290 575 543 626 suprema
583 557 712 627 dies,
752 560 808 610 ei}
846 557 1004 610 laude
1043 557 1360 611 inclusimus
1401 558 1631 611 aeuum?

219 631 440 701 Excipih
479 631 603 684 inde
643 649 770 684 suos
808 630 979 684 frater
1017 632 1343 701 coniungere
1381 650 1561 686 casus:

144 704 436 759 ‘Excelsae
474 706 641 758 turris
681 708 809 774 post
847 705 1041 758 ultima
1078 706 1239 759 rebus
1279 707 1336 759 in
1375 707 1511 759 artis

144 779 461 833 Subsidium
502 783 751 849 optaram
790 798 1148 849 supremaque
1186 780 1334 834 bella
1365 779 1591 834 ciebam.

141 853 428 907 Fumantis
468 854 656 907 taedas
697 871 759 906 ac
797 854 913 906 lata
952 853 1199 907 incendia
1228 854 1434 924 passim
1748 870 1836 911 690

140 927 217 981 Et
255 928 406 981 mille
446 928 674 982 iniecere
713 927 872 981 faces,
934 928 1015 981 nil
1054 930 1276 982 nomine
1315 929 1414 982 leti

140 1002 223 1055 De
257 1002 468 1071 superis
503 1020 713 1071 queror.
775 1001 921 1055 haud
951 1021 1120 1071 paruo
1154 1003 1283 1056 data
1315 1003 1560 1057 membra
1584 1004 1833 1073 sepulcro

142 1075 350 1130 Nostra
388 1079 765 1130 cremauerunt
804 1077 860 1128 in
898 1080 1073 1129 morte
1111 1077 1459 1130 haerentibus
1494 1078 1675 1132 armis.

143 1150 247 1203 Sed
287 1168 374 1203 me
411 1153 589 1203 luctus
628 1150 810 1219 habeb,
850 1150 1096 1220 geminae
1134 1169 1202 1203 ne
1242 1151 1394 1204 clade
1433 1153 1622 1205 ruinae

140 1222 382 1277 Cesserib
421 1224 604 1277 affusis
646 1242 905 1294 oppressa
943 1224 1210 1292 Hispania
1247 1223 1480 1279 Poenis?
1741 1239 1827 1281 695

216 1296 421 1352 Contra
459 1316 596 1367 quae
635 1297 846 1351 iuuenis
886 1299 1110 1352 turbabo
1149 1299 1367 1352 fletibus
1409 1317 1526 1352 ore:

139 1371 265 1442 ‘Di‚
313 1390 537 1442 quaeso,
583 1376 646 1425 ut
685 1373 880 1425 merita
919 1375 1025 1443 est,
1072 1372 1263 1442 dignas
1302 1391 1400 1442 pro
1440 1374 1643 1428 talibus
1683 1375 1830 1429 ausis

141 1445 419 1516 Carthago
462 1447 728 1516 expendat
765 1464 983 1515 poenaS.
1046 1447 1140 1499 sed
1181 1450 1426 1500 continet
1465 1449 1603 1502 acris

137 1520 377 1590 Pyrenes
415 1521 664 1590 populos,
705 1520 812 1590 qui,
851 1524 1036 1573 uestro
1068 1520 1246 1574 Marte
1284 1521 1565 1591 probatuS,

138 1594 372 1665 Excepit
409 1596 588 1648 sessos
629 1598 683 1647 et
721 1594 869 1647 notis
909 1594 1145 1648 Marcius
1187 1596 1352 1648 armis
1744 1610 1830 1651 ’700

139 1668 412 1723 Successit
449 1669 612 1722 bello,
670 1669 821 1722 fusos
863 1687 1075 1739 quoque
1113 1669 1262 1722 fama
1298 1670 1511 1723 ferebat

139 1742 392 1797 Uictores
433 1743 756 1813 acie,batque
794 1746 984 1795 exacta
1015 1743 1230 1812 piacula
1260 1742 1471 1796 caedis?

139 1817 241 1869 His
282 1817 412 1869 laeti
452 1817 657 1869 rediere
697 1817 858 1869 duces
898 1817 1018 1869 loca
1057 1835 1284 1870 amoena
1323 1818 1559 1886 piorum,

136 1890 594 1960 Prosequiturque
634 1890 805 1942 oculis
844 1908 978 1957 puer
1018 1890 1376 1943 adueneratus
1417 1892 1610 1944 euntis.

211 1964 434 2033 Iamque
467 1965 655 2016 adei-ai]
687 1964 862 2016 multa
892 1965 983 2016 uix
1015 1965 1386 2034 agnoscendus
1418 1966 1477 2017 in
1507 1966 1701 2019 umbra
1738 1978 1825 2020 '¹105

138 2038 339 2091 Paulus
381 2041 435 2090 et
475 2041 638 2107 epoho
677 2038 940 2091 fundebat-
981 2039 1240 2107 sanguine
1279 2039 1469 2093 uerba:

99 2169 101 2171 .
137 2111 282 2165 ‘Lux
319 2112 536 2181 Italum,
575 2111 727 2165 cuius
768 2112 1010 2181 spectaui
1048 2112 1250 2166 Martia
1287 2114 1448 2182 facta,

138 2185 376 2238 Multum
416 2204 524 2238 uno
565 2186 775 2239 maiora
813 2187 947 2255 uiro,
988 2186 1307 2240 descendere
1345 2187 1495 2240 nocti

135 2259 317 2329 Atque
356 2260 659 2313 habitanda
698 2261 866 2313 semel
906 2260 1112 2329 subigit
1151 2261 1272 2329 quis
1311 2260 1487 2314 uisere
1526 2259 1761 2330 regnaP’

138 2333 238 2387 Oui
271 2337 462 2387 contra
500 2334 630 2386 talis
671 2332 1117 2403 effundifiScipio
1156 2353 1336 2387 uoces:
1738 2348 1823 2388 '710

139 2406 516 2477 ‘Armipotens
558 2408 762 2476 ductor,
802 2426 962 2476 quam
997 2411 1124 2460 sunt
1163 2411 1259 2461 tua
1296 2408 1413 2461 fata
1450 2425 1547 2477 per
1585 2408 1775 2461 urbem

137 2481 459 2534 Lamenizata
500 2481 615 2535 diu!
679 2500 840 2550 quam
879 2500 1049 2551 paene
1089 2482 1303 2535 ruentia
1342 2485 1522 2535 tecum

137 2554 369 2607 Traxis‘ci
412 2554 477 2604 ad
520 2553 736 2625 Stygias
778 2553 1037 2608 Oenotria
1076 2558 1224 2608 tecta
1262 2556 1533 2609 tenebras·

257 2705 344 2744 684
374 2700 552 2745 Ductor
582 2705 616 2742 F
783 2704 869 2744 685
911 2702 984 2744 esi:
1018 2714 1100 2746 om.
1135 2705 1165 2743 0
1334 2705 1420 2746 686
1454 2700 1520 2758 et]
1557 2701 1607 2744 ab
1635 2701 1709 2745 uel
1740 2700 1824 2745 sed

135 2760 463 2804 Drakenborch
496 2784 551 2792 —-
583 2759 714 2803 laudi
752 2759 1033 2804 indulsimus
1065 2759 1290 2804 Heinsius
1441 2764 1527 2803 700
1556 2758 1756 2803 marcius
1785 2763 1825 2802 V

135 2818 331 2862 martius
365 2822 395 2859 0
442 2818 668 2862 maretius
699 2823 768 2861 Π
847 2823 930 2863 702
965 2817 1143 2876 caedis]
1178 2817 1326 2875 ceptis
1357 2823 1390 2860 1.
1475 2821 1560 2862 708
1591 2817 1720 2862 nocti
1751 2822 1825 2860 cm

135 2877 229 2933 Ep.
256 2881 318 2922 78
349 2877 478 2921 nosci
501 2882 570 2919 LE
601 2876 726 2921 nosti
752 2881 822 2919 ov
886 2883 971 2922 710
1006 2876 1091 2922 Cui
1124 2883 1196 2919 cm
1221 2878 1247 2921 Z.
1275 2878 1303 2922 1.
1339 2876 1428 2931 Qui
1460 2880 1490 2918 0
1557 2881 1640 2920 713
1673 2877 1822 2935 tecta]

138 2949 286 2993 regna
317 2935 372 2979 L.
399 2935 571 2979 Maller
603 2937 646 2979 cl.
671 2950 708 2980 r.
734 2950 791 2980 m.
810 2950 859 2992 p.
888 2939 977 2981 174
