1988 3190
595 105 954 152 PUNICORUM
985 106 1167 151 LIBER
1196 106 1315 152 XVI.
1702 108 1809 162 159

124 242 299 297 Sicine
337 246 408 313 te,
446 245 508 296 ut
546 260 718 312 nuper
757 240 943 311 Capua
983 246 1066 295 est
1106 242 1308 295 accitus
1350 242 1417 294 ab
1460 243 1574 295 alta

118 317 359 382 FuluiuS‚
398 316 678 387 aequoreis
717 314 921 385 Libyae
959 316 1332 370 reuocabimus
1373 315 1522 369 oris‘?

119 390 290 444 Uince
329 390 475 444 domi
515 393 569 442 et
606 388 765 442 trinis
805 392 1136 442 maerentem
1175 389 1367 443 funera
1406 389 1593 442 lustris

118 463 420 518 Ausoniam
458 481 634 534 purga
671 463 836 516 bello.
897 467 1013 516 tum
1052 463 1210 517 tende
1249 467 1486 517 remotos
1558 468 1564 473 ’

118 537 184 590 111
223 536 581 591 Garamantas
621 537 726 590 iter
762 536 1298 608 Nasamoniacosque
1338 537 1644 606 triumphos
1718 552 1807 591 630

117 611 324 665 Molire.
387 613 652 681 angustae
683 611 984 679 prohibent
1021 629 1161 665 nunc
1198 611 1331 664 talia
1369 616 1560 680 coepta

115 685 223 742 Res
262 685 452 738 Italae.
514 687 671 753 pater
710 685 802 737 ille
841 687 984 750 tune,
1024 686 1115 755 qui
1154 686 1376 739 nomina
1413 688 1626 737 uestrae

119 757 341 811 Addidit
378 751 523 811 haud
562 759 744 829 segnis
783 758 947 828 genti,
986 754 1107 812 cum
1146 760 1336 813 consul
1374 758 1566 812 Hiberi

119 831 383 885 Tenderet
422 832 489 885 ad
529 832 694 902 ripaS‚
737 838 989 886 reuocato
1030 833 1202 885 milite
1240 833 1447 901 primus

116 905 478 959 Descendenti
518 905 672 959 auide
713 906 978 974 superatis
1018 906 1248 976 Alpibus
1289 907 1433 960 ultro
1715 919 1803 959 635

119 978 388 1050 Opposuit
428 998 544 1032 sese
583 979 896 1033 Hannibali.
966 983 1026 1033 tu
1067 981 1255 1034 consul
1299 980 1447 1033 abire

117 1056 168 1105 A
208 1053 413 1107 uictore
451 1071 612 1122 paras
651 1053 808 1106 hoste
849 1056 1008 1122 atque
1049 1054 1280 1107 auellere
1318 1053 1476 1106 nobis

120 1125 340 1180 Scilicet
377 1127 482 1180 hoc
523 1130 647 1179 astu
684 1126 961 1180 Poenum?
1014 1127 1060 1180 si
1101 1127 1289 1180 deinde
1331 1127 1537 1180 sedebit

114 1199 429 1270 Impauidus
474 1219 572 1253 nec
617 1204 673 1253 te
721 1201 778 1253 in
817 1200 1046 1271 Libyam
1093 1204 1289 1270 tuaque
1338 1219 1488 1254 arma
1537 1203 1805 1270 sequetur,

119 1272 294 1343 Capta
334 1273 613 1327 damnabis
654 1274 902 1328 consulta
942 1275 1247 1345 improuida
1285 1273 1476 1327 Roma.
1717 1287 1802 1328 640

119 1345 222 1400 Sed
262 1348 345 1400 fac
384 1348 665 1400 turbatum
706 1351 1019 1401 conuertere
1060 1348 1216 1418 signa
1254 1351 1485 1416 tuaeque

118 1418 322 1473 Classis
354 1421 478 1473 uela
517 1421 682 1490 sequi.
743 1439 935 1491 nempe
974 1421 1115 1474 idem
1156 1421 1260 1474 erit
1297 1420 1596 1486 Hannibal,
1643 1420 1804 1490 idem,

119 1493 283 1548 Cuius
322 1497 383 1546 tu
421 1494 632 1546 uallum
670 1494 856 1547 uidisti
897 1513 923 1547 0
964 1495 1245 1548 moenibus
1285 1492 1472 1547 urbis?

115 1566 265 1620 Haec
303 1566 529 1636 Fabius3
568 1568 854 1637 seniorque
894 1568 1274 1638 manue-paria
1313 1586 1403 1621 ore
1443 1567 1725 1622 fremebat.

190 1641 324 1694 Tum
366 1644 556 1693 contra
595 1641 806 1695 consul:
846 1640 1055 1695 ‘Caesis
1097 1642 1407 1695 ductoribus
1448 1640 1576 1693 olim
1716 1654 1803 1695 645

115 1713 483 1784 Magnanimis
524 1715 739 1785 gemino
779 1716 907 1785 leto,
946 1734 1068 1768 cum
1107 1719 1225 1769 tota
1266 1715 1501 1768 subisset

119 1786 396 1850 Sidonium
435 1807 687 1858 possessa
724 1789 911 1859 iugum
951 1788 1228 1842 Tartessia
1268 1788 1445 1858 tellus,

115 1859 242 1914 Non
280 1861 468 1930 Fabio,
506 1880 631 1930 non,
670 1861 789 1932 quis
831 1862 1014 1915 eadem
1058 1865 1142 1916 est
1182 1864 1449 1916 sententia
1488 1862 1650 1932 cordi,

117 1933 400 2004 Quoquam
441 1935 507 1988 ad
548 1954 704 2004 opem
743 1953 917 2004 uer80‚
955 1935 1148 2006 fateor,
1186 1937 1513 2005 primoribus
1554 1936 1709 1988 annis

115 2007 323 2077 Excepi
360 2009 560 2062 nubem
602 2009 732 2061 belli
774 2010 1027 2078 solusque
1066 2011 1243 2063 ruenti
1432 2071 1437 2075 v
1713 2024 1800 2063 650

118 2080 303 2134 Obieci
342 2083 491 2135 caelo
532 2086 695 2151 caput
734 2086 894 2151 atque
932 2083 988 2134 in
1028 2101 1113 2135 me
1154 2083 1335 2136 omnia
1373 2085 1530 2136 uerti.

117 2153 254 2207 Tum
296 2155 607 2225 grandaeua
646 2173 836 2208 manus
877 2174 1043 2224 puero
1083 2158 1222 2209 male
1262 2157 1464 2210 credita
1505 2157 1662 2226 bella,

121 2370 370 2415 Liuineius
409 2371 572 2426 quanti
604 2373 690 2427 est,
722 2372 857 2416 cedas
890 2373 941 2416 R.
973 2387 1009 2416 r.
1034 2372 1274 2416 Emerito?
1309 2374 1382 2416 ast
1412 2374 1543 2418 tanto
1576 2374 1799 2428 Lefebure

115 2427 297 2484 quanti,
341 2430 394 2472 ut
426 2430 564 2473 cedas
595 2429 648 2474 R.
681 2444 716 2473 r.
741 2430 962 2486 Emerito,
995 2436 1095 2476 est?
1127 2432 1257 2475 tanto
1280 2431 1606 2477 Drakenborch
1629 2433 1800 2488 aliique

116 2511 172 2518 —
205 2486 384 2531 Emerit
414 2487 470 2532 L.
490 2487 662 2533 Malleo-
692 2489 735 2533 d.
760 2503 798 2533 r.
822 2503 878 2534 m.
898 2503 948 2546 p.
973 2493 1064 2535 175
1099 2489 1304 2533 Emerito
1337 2493 1496 2535 B—et
1525 2491 1582 2535 L.
1601 2490 1800 2547 Mallem

117 2546 192 2588 ast
223 2549 249 2591 8
283 2543 355 2601 (in
380 2549 410 2587 0
435 2559 551 2590 corr.
577 2560 632 2590 ex
663 2551 737 2600 ex)
768 2548 961 2601 fortasse
999 2550 1079 2592 ah!
1128 2562 1228 2593 cum
1259 2549 1476 2594 Liuineio
1513 2551 1797 2594 scribendum

115 2628 174 2634 —
204 2604 412 2659 percussi
437 2609 462 2646 8
494 2604 695 2660 perculsi
718 2607 858 2663 uulyo
1010 2611 1094 2651 626
1128 2607 1299 2651 arcitus
1327 2611 1397 2651 OV
1556 2612 1641 2653 629
1673 2609 1793 2665 tum]

116 2674 220 2704 cum
252 2666 284 2703 1.
456 2667 539 2706 631
573 2667 802 2720 angustae
835 2668 905 2707 ΟΥ
950 2668 1177 2722 augustae
1207 2671 1275 2708 LE·
1456 2671 1540 2711 642
1571 2666 1698 2710 idem
1728 2671 1796 2710 LF

115 2720 204 2764 erit
235 2724 320 2776 ov,
366 2721 442 2766 sed
474 2722 527 2766 in
557 2726 594 2764 V
640 2736 697 2767 m.
728 2728 760 2769 2
794 2725 854 2767 ad
884 2738 1026 2782 marq.
1058 2724 1182 2768 idem
1347 2728 1434 2770 644
1472 2725 1733 2770 fremebant
1764 2730 1795 2768 0

120 2782 204 2823 646
237 2779 423 2835 gemino
455 2780 551 2824 leto
584 2786 610 2823 Β
656 2782 686 2825 l.
719 2796 763 2838 g.
794 2783 935 2840 uulyo
1079 2786 1165 2827 648
1197 2782 1350 2827 fabius
1377 2787 1446 2826 ov
1478 2808 1535 2818 -
1565 2798 1660 2829 non
1692 2785 1795 2841 quis

115 2837 233 2882 deest
264 2839 316 2881 in
348 2842 378 2880 0
547 2844 630 2883 651
664 2839 794 2885 caelo
826 2845 860 2882 F
907 2839 1008 2886 celo
1039 2844 1144 2883 Lov
1190 2842 1287 2886 telo
1317 2843 1457 2900 uulqo
1490 2869 1542 2875 —
1577 2843 1626 2886 in
1656 2857 1729 2886 me
1761 2847 1796 2884 F

116 2895 239 2940 mine
270 2900 376 2938 Lov
498 2901 581 2942 652
614 2897 740 2943 bello
773 2903 843 2942 ov
