1988 3190
613 116 973 163 PUNICORUM
1005 116 1189 162 LIBER
1219 117 1317 161 XV.
1696 117 1801 169 109

111 253 303 307 Altera
341 252 763 307 Achaemenium
804 252 1050 322 spirabat
1089 252 1291 306 uertice
1332 251 1566 323 odorem,

112 322 434 381 Ambrosias
474 327 666 380 diffusa
707 345 887 380 comas
927 329 983 379 eb
1021 330 1172 379 ueste
1212 325 1503 397 refulgenS‚

111 402 337 455 Ostrum
378 420 485 470 qua
520 400 674 454 fuluo
714 399 939 469 Tyrium
979 400 1276 453 suffuderas
1317 418 1470 469 aur03
1746 414 1800 453 25

113 475 316 528 Fronte
355 476 531 530 decor?
555 475 832 544 quaesitus
873 492 985 542 acu,
1024 474 1339 543 lasciuaque
1379 474 1596 528 crebras

113 549 358 618 Ancipiti
397 551 549 602 motu
588 549 860 602 iaciebant
898 548 1104 601 lumina
1142 548 1407 601 flammas,

113 623 355 675 Alterius
396 622 581 691 dispar
622 622 861 675 habitus:
901 622 1053 675 frons
1093 621 1239 674 hirta
1276 640 1376 675 nec
1415 640 1674 691 umquam

111 695 432 766 Composita
471 699 683 749 mutata
723 714 901 764 coma3
943 699 1096 748 stans
1135 696 1338 760 uultUS‚
1378 699 1431 748 eb
1471 713 1562 748 ore

114 769 442 839 Incessuque
481 770 598 823 uiro
639 770 862 839 propior
900 769 1137 838 laetique
1176 769 1414 839 pudoriS‚
1745 783 1801 822 30

112 842 272 896 Celsa
310 844 565 897 humeros
604 844 793 897 niueae
831 843 1082 914 fulgebat
1121 844 1352 896 stamine
1391 843 1584 912 pallae.

187 916 431 987 Occupat
469 918 591 970 inde
630 917 795 987 prior,
834 917 1119 987 promissis
1159 917 1274 981 fisa,
1313 916 1606 985 Uoluptas:

114 989 271 1052 ‘Quis
311 993 465 1044 furor
503 991 606 1058 hic,
646 1010 755 1044 non
796 991 957 1062 digne
995 1009 1145 1061 puer,
1185 1008 1499 1044 consumere
1537 990 1683 1043 bello

112 1063 333 1118 Florem
373 1064 530 1118 aeui‘?
572 1063 859 1118 Cannaene
898 1065 1002 1117 tibi
1042 1065 1367 1135 grauiorque
1405 1064 1602 1133 palude

111 1137 391 1192 Maeonius
432 1136 626 1209 Stygia
663 1139 813 1192 lacus
854 1157 1127 1192 excessere
1166 1137 1489 1207 Padusque?
1746 1151 1800 1191 35

114 1211 283 1274 Quem
323 1211 544 1266 tandem
584 1213 650 1266 ad
689 1213 849 1266 finem
887 1213 1139 1266 bellando
1178 1212 1295 1265 faba
1334 1212 1604 1265 lacesses?

114 1285 264 1339 Tune
305 1286 472 1339 elziam
511 1290 723 1339 bentare
761 1304 923 1357 paras
958 1286 1238 1339 Atlantica
1277 1303 1447 1356 regna

114 1357 474 1429 Sidoniasque
514 1361 741 1414 domos?
790 1378 997 1428 moneo,
1037 1363 1242 1413 certare
1283 1360 1497 1428 periclis

114 1432 313 1486 Desine
354 1438 408 1486 etz
448 1435 752 1487 armisonae
794 1437 957 1503 capula
996 1434 1264 1486 obiectare
1305 1432 1593 1501 procellae.

114 1506 189 1559 Ni
227 1507 373 1577 fugis
412 1507 513 1560 hos
552 1507 706 1576 ritus,
745 1506 936 1560 Uirtus
975 1510 1029 1559 te
1071 1525 1232 1560 saeua
1270 1506 1482 1559 iubebit
1745 1520 1800 1559 40
1882 1514 1893 1525 ‘

113 1578 218 1632 Per
257 1580 461 1633 medias
501 1581 732 1634 uolitare
773 1581 914 1634 acies
953 1580 1264 1650 mediosque
1304 1598 1400 1649 per
1437 1579 1597 1650 igniS.

115 1650 263 1707 Haec
303 1657 514 1723 patrem
545 1659 904 1723 pa'cruumque
942 1657 1083 1724 tuoe,
1121 1654 1254 1707 haec
1291 1653 1523 1723 prodiga
1554 1653 1801 1722 Paulum,

115 1725 264 1780 Haec
303 1727 498 1781 Decios
540 1726 759 1798 Stygias
798 1728 966 1781 Erebi
1005 1728 1236 1782 detrusit
1276 1727 1344 1780 ad
1380 1728 1567 1793 undas»,

115 1799 257 1853 Dum
299 1801 464 1854 cineri
502 1802 721 1855 titulum
762 1802 1213 1871 memorandaque
1251 1803 1475 1854 nomina
1514 1801 1690 1854 bustis

115 1873 426 1927 Praetendit
463 1893 561 1928 nec
601 1894 869 1943 sensurae,
910 1875 1053 1945 quod
1092 1875 1337 1946 gesserit,
1375 1875 1614 1928 umbrae.
1745 1888 1800 1927 45

115 1949 191 2000 At
231 1948 277 2001 si
316 1967 401 2001 me
440 1949 710 2020 comitere,
749 1967 898 2020 puer,
935 1968 1047 2003 non
1083 1949 1259 2002 limite
1301 1949 1434 2001 duro

116 2020 231 2073 Iam
269 2022 373 2074 ssibi
413 2022 661 2076 decurraf,
701 2023 941 2076 concessi
979 2023 1239 2091 temporis
1280 2025 1445 2075 aessaS.

118 2094 276 2147 Haud
316 2114 571 2164 umquam
613 2097 852 2165 trepidos
894 2096 1178 2165 abrumpet
1217 2097 1415 2149 bucina
1455 2113 1699 2165 somnos3

116 2166 243 2221 Non
285 2169 514 2239 glaciem
554 2169 830 2239 Arctoam,
870 2188 977 2222 non
1017 2169 1286 2238 experiere
1325 2168 1555 2221 furentis

117 2242 379 2295 Ardorem
421 2241 615 2296 Cancri
652 2262 751 2297 nec
789 2261 1003 2295 mensas
1045 2261 1201 2311 saepe
1242 2245 1462 2296 cruen'co
1747 2255 1801 2295 50

95 2314 372 2369 ‘Gramine
413 2317 761 2385 composita83
818 2317 1048 2369 aberunt
1089 2317 1206 2368 sitis
1248 2334 1441 2384 aspera
1480 2318 1534 2368 eb
1572 2315 1801 2368 haustus

118 2385 227 2441 Sub
268 2390 422 2459 galea
460 2390 639 2458 puluis
681 2389 929 2459 partique
967 2391 1160 2443 timore
1208 2389 1446 2458 labores3

235 2566 292 2607 25
334 2575 453 2617 quae
495 2562 675 2607 Gronov
857 2567 928 2607 29.
963 2567 1018 2606 30
1059 2575 1140 2606 ora
1170 2561 1474 2617 Incessusque
1507 2562 1804 2619 Dausqueius

124 2626 178 2665 37
212 2621 488 2666 atlanticar
521 2620 829 2665 athlanticaL
861 2621 1144 2664 adlanticao
1178 2620 1239 2664 ad
1269 2620 1498 2665 lauticav
1575 2624 1632 2665 40
1663 2621 1800 2680 ritus]

123 2681 249 2724 artus
279 2684 313 2722 F
405 2683 461 2723 42
494 2679 581 2723 hoc
614 2685 639 2722 s
740 2684 798 2723 43
831 2679 929 2723 Nec
959 2684 991 2721 1.
1023 2704 1079 2712 —
1112 2679 1240 2722 erebi
1274 2682 1343 2722 OV
1383 2679 1535 2735 erebi-i
1557 2684 1590 2723 L
1622 2681 1747 2725 erebi
1769 2686 1803 2724 F

122 2742 178 2781 45
226 2739 351 2794 quod
393 2743 418 2781 S
482 2737 595 2793 quid
641 2739 780 2795 uulyo
959 2743 1015 2782 49
1063 2738 1269 2794 experire
1318 2742 1344 2780 8
1510 2743 1565 2783 52
1611 2740 1798 2798 timore]

123 2797 301 2841 minore
335 2801 361 2839 s
394 2822 448 2829 -
481 2796 698 2852 pastique
729 2798 896 2841 himore
929 2796 1114 2840 labores
1139 2796 1362 2841 Heinsius
1396 2797 1612 2855 partique
1644 2799 1803 2843 labore

121 2854 312 2901 timores
359 2855 558 2911 Ruperti
609 2854 849 2912 patrisque
897 2869 922 2900 e
969 2868 1094 2899 more
1142 2854 1327 2900 labores
1372 2857 1446 2900 uel
1491 2856 1708 2914 partique
1757 2857 1805 2899 in

122 2917 272 2959 morte
314 2914 404 2960 lab.
438 2914 578 2959 Blass
622 2913 840 2971 partique
880 2914 929 2958 in
968 2913 1118 2958 Marte
1151 2914 1333 2959 labores
1371 2928 1456 2959 nos
1492 2915 1569 2970 (cf.
1599 2916 1695 2959 XI.
1721 2918 1805 2971 23)
