1988 3190
658 106 1018 156 PUNICORUM
1046 107 1230 153 LIBER
1260 107 1382 153 XIV.
1803 107 1875 159 87

181 243 401 297 Enituit
437 244 599 297 fama.
661 244 818 297 miles
857 243 1184 314 Tyrrhenus,
1221 241 1377 297 Asilo
1787 257 1874 297 149

158 316 398 371 -Nomen
435 321 567 387 erat,
598 321 789 388 captus
815 318 1085 388 quondam
1118 318 1185 370 ad
1209 317 1621 386 Thrasymenna
1645 317 1878 383 fluenta,

182 390 480 444 Seruitium
518 393 676 445 facile
717 395 772 445 et
812 391 1138 445 dominantis
1180 392 1369 445 mollia
1407 392 1556 445 iussa

179 463 455 535 Expertus
494 466 719 535 Beryae,
759 466 961 535 patrias
1001 468 1270 518 remearat
1310 467 1376 519 ad
1417 484 1538 519 oras

182 537 389 608 Sponte
428 540 661 592 fauentis
701 541 801 608 eri,
841 540 1195 610 repetitisque
1233 540 1467 610 impiger
1507 539 1674 592 armis

182 613 320 665 Tum
358 616 566 666 ueteres
607 612 784 666 Siculo
825 632 980 666 casus
1019 614 1264 666 Mauorte
1304 615 1508 683 piabat.

180 688 362 756 Atque
401 688 464 754 is,
504 687 628 739 dum
669 687 873 740 medios
912 687 1056 740 inter
1093 687 1208 740 fera
1246 688 1455 756 proelia
1495 687 1700 756 miscet,
1780 700 1866 740 155

179 759 378 814 Illatus
419 761 643 831 Beryae,
681 762 782 828 cui,
820 765 983 830 pacta
1023 761 1090 813 ad
1128 761 1279 831 regia
1318 762 1485 814 misso

179 834 488 888 Poenorum
529 853 559 887 a
596 835 813 904 populis
856 835 1167 904 sociataque
1206 835 1353 887 bella
1391 835 1617 906 gerenti,

180 908 385 961 Acrato
426 909 592 961 cassis
632 908 928 961 munimine
970 910 1239 962 clauserat
1278 927 1388 974 ora,

179 981 398 1035 Inuadit
434 981 579 1035 ferro
619 982 870 1035 iuuenem
908 983 1222 1052 trepideque
1259 982 1526 1035 ferentem

178 1055 459 1108 Instabilis
498 1059 644 1109 retro
684 1074 901 1126 gressus
941 1058 1236 1125 prosternit
1274 1057 1491 1109 harena.
1778 1071 1866 1111 160

179 1130 257 1182 At
295 1129 472 1199 miser,
513 1129 697 1182 audita
736 1130 958 1183 uictoris
1001 1149 1145 1195 uoce,
1183 1133 1505 1183 trementem

179 1200 644 1274 Cunctantemque
684 1204 918 1256 animam
959 1203 1150 1275 Stygia
1190 1222 1286 1257 ceu
1325 1205 1448 1256 sede
1486 1204 1765 1275 reducens»,

179 1275 418 1330 Cassidis
459 1296 491 1329 a
529 1280 711 1330 mento
751 1277 1033 1330 malefidae
1073 1278 1291 1330 uincula
1329 1278 1537 1346 rumpit

176 1349 551 1419 Iungebatque
590 1369 775 1419 preces
816 1355 976 1420 atque
1017 1352 1207 1404 addere
1247 1352 1416 1403 uerba
1453 1353 1698 1420 parabat.

178 1422 296 1493 Sed,
337 1425 518 1477 subito
559 1427 780 1493 aspectu
819 1428 874 1476 et
905 1428 1035 1477 noto
1077 1425 1404 1478 conterritus
1446 1444 1553 1492 ore,
1775 1438 1861 1479 165

177 1497 490 1566 Tyrrhenus
528 1498 836 1567 ferrumque
876 1517 1040 1551 manu
1077 1499 1357 1551 reuocauit
1396 1503 1451 1551 et
1488 1499 1635 1552 ultro

178 1571 332 1623 Talia
371 1590 493 1624 cum
533 1572 737 1641 gemitu
771 1572 1008 1624 lacrimis
1050 1572 1237 1624 effudit
1273 1572 1504 1625 obortis:

178 1644 307 1715 eNe,
345 1663 562 1714 quaeSO,
602 1645 829 1714 supplex
867 1645 1043 1698 lucem
1084 1646 1382 1714 dubiusque
1421 1663 1661 1714 precare3

175 1717 282 1771 Fas
322 1719 535 1771 hostem
574 1737 789 1771 seruare
829 1719 977 1771 mihi.
1040 1720 1215 1772 multo
1257 1719 1496 1787 optimus
1536 1720 1627 1771 ille

176 1791 419 1860 Militiae,
459 1792 546 1844 cui
584 1800 918 1860 postremum
958 1796 1042 1845 est
1079 1794 1437 1863 primumque,
1477 1793 1620 1845 tueri
1774 1807 1861 1848 170

176 1865 328 1919 Inter
366 1866 513 1918 bella
550 1866 734 1919 fidem:
772 1870 832 1919 tu
871 1867 1040 1919 letum
1081 1867 1307 1919 euadere
1345 1866 1503 1919 nobis

177 1939 290 1992 Das
329 1940 478 2007 prior
517 1942 572 1992 et
611 1958 794 1992 seruas
833 1941 1072 1993 nondum
1112 1943 1358 1993 seruatus
1399 1941 1467 1992 ab
1508 1940 1680 1994 hoste.

175 2013 337 2066 Haud
377 2013 621 2082 equidem
661 2014 884 2082 dignum
924 2017 1138 2082 memet,
1179 2033 1315 2084 quae
1355 2014 1538 2067 tristia
1575 2014 1704 2083 uidi,

177 2086 478 2140 Abnuerim
518 2087 848 2156 dignumque
887 2087 1084 2140 iterum
1124 2089 1182 2139 in
1219 2087 1405 2157 peiora
1442 2088 1670 2158 reuolui,

178 2159 236 2213 Si
273 2160 376 2213 tibi
414 2178 510 2229 per
549 2160 754 2213 medios
794 2161 937 2229 ignis
976 2161 1287 2230 mediosque
1326 2180 1422 2229 per
1470 2161 1614 2214 ensis
1776 2175 1864 2215 175

176 2232 302 2286 Non
343 2232 548 2285 dederit
587 2252 708 2286 mea
748 2234 936 2286 dextra
975 2234 1152 2287 uiam?
1218 2233 1305 2287 Sic
1343 2234 1490 2287 fatur
1531 2238 1585 2286 et
1623 2236 1768 2288 ultro

178 2307 402 2359 Attollit
439 2305 661 2374 uitaque
701 2310 966 2375 exaequat
1003 2326 1227 2360 munera
1267 2308 1425 2360 uitae.

299 2499 382 2538 149
414 2494 546 2538 Asilo
571 2497 667 2536 cns
699 2493 843 2548 Asylo
867 2496 1007 2551 uulyo
1039 2495 1210 2550 Asylae
1242 2496 1445 2552 Ruperti
1477 2497 1554 2551 (cf.
1581 2497 1711 2554 Verq.
1738 2498 1857 2544 Aen.

181 2553 245 2596 X.
272 2555 381 2607 175)
565 2557 647 2595 152
687 2551 865 2608 Beryae
905 2557 966 2596 ch
1011 2554 1142 2597 berre
1173 2559 1205 2596 L
1251 2555 1414 2599 berrae
1445 2560 1479 2597 F
1526 2555 1666 2600 boree
1699 2560 1770 2599 OV
1802 2583 1860 2590 —

178 2612 409 2656 remearat
441 2615 500 2653 011
621 2615 704 2654 153
738 2611 804 2654 eri
836 2615 863 2652 S
984 2615 1069 2655 156
1102 2614 1270 2669 beryae
1303 2618 1340 2655 V
1387 2614 1520 2658 berre
1550 2619 1583 2657 1.
1628 2615 1792 2660 berrae
1822 2621 1860 2659 Ε

179 2670 320 2715 boree
353 2674 383 2712 0
419 2671 496 2724 (cf.
523 2683 568 2713 u.
596 2672 704 2724 152)
844 2674 926 2714 161
959 2670 1023 2713 At
1053 2675 1193 2713 Ghov
1239 2672 1306 2716 Ac
1337 2677 1404 2714 LE
1543 2678 1626 2718 162
1658 2674 1861 2720 Luctan—

178 2730 368 2785 temque
399 2728 539 2773 Blass
569 2753 626 2762 --
659 2741 743 2771 ceu
775 2732 909 2770 chLF
941 2729 1016 2772 cui
1048 2733 1118 2771 ov
1300 2735 1384 2775 167
1417 2731 1614 2776 effundit
1645 2736 1675 2775 0
1711 2759 1765 2766 —
1798 2734 1859 2778 ab

178 2788 293 2832 ortis
333 2791 403 2830 OV
586 2791 669 2831 172
713 2786 806 2831 Das
849 2791 886 2829 V
940 2787 1033 2832 Des
1070 2792 1173 2830 Lro
1357 2795 1440 2834 173
1480 2791 1674 2849 dignum
1718 2794 1860 2838 Blass

176 2845 422 2899 indignum
469 2851 496 2888 8
685 2849 769 2889 177
817 2845 1040 2904 uitaque]
1095 2847 1314 2903 uietoque
1370 2849 1595 2896 Heinsius
1656 2865 1857 2909 curaque

188 2905 371 2960 Withof
