1988 3190
189 130 271 183 ‘22
867 126 981 172 sim
1011 125 1237 172 ITALIOI

194 265 441 319 Exitium
483 266 728 333 accept03
767 262 1032 332 citiusque
1070 263 1205 316 haec
1243 262 1462 316 foedera
1501 263 1698 331 uictor,

197 339 372 402 Quam
411 339 604 408 uictUS‚
644 336 811 391 dabit.
867 340 1030 407 atque
1069 337 1218 407 ade0,
1258 337 1351 406 qui
1389 339 1548 391 tanta
1585 339 1818 407 superbo

197 412 370 468 Facta
409 431 572 467 sonas
613 430 703 466 ore
744 415 798 464 et
838 411 1115 480 spumanti
1153 411 1370 464 turbine
1409 411 1607 481 perflas

194 487 555 558 Ignorantum
598 504 778 557 aures,
818 485 929 555 dic,
968 504 1057 555 en,
1098 503 1389 556 germanus
1428 486 1486 538 in
1525 486 1691 539 armis
1803 499 1890 542 580

196 562 298 614 Ille
337 565 463 615 tuus
503 579 604 631 par
644 559 907 630 Gradin,
945 578 1042 630 per
1082 561 1297 613 saecula
1334 559 1497 613 tellus

197 635 298 690 Cui
338 635 571 689 similem
609 652 911 704 numquam
949 634 1229 687 ductorem
1266 632 1325 686 in
1362 633 1510 687 bella
1549 634 1780 705 creauit,

195 709 415 763 Moenia
453 709 752 763 Romuleae
794 726 890 762 cur
927 707 1168 761 nondum
1206 707 1406 761 uiderit
1442 707 1633 762 urbis?

197 781 413 837 Scilicet
454 802 482 836 e
522 782 729 855 gremio
770 784 1005 836 matrum
1043 782 1321 852 rapiamus
1359 787 1414 835 in
1452 781 1670 836 hostem

195 856 454 911 Nondum
492 857 773 927 portandis
813 856 1027 910 habiles
1067 856 1412 926 grauioribus
1453 857 1656 910 armis?
1807 870 1892 912 585

195 933 425 985 Aeratas
466 932 599 985 iussi
640 935 888 985 texamus
929 930 1077 983 mille
1117 931 1353 1000 carinas,

196 1005 380 1076 Atque
422 1005 597 1059 omnis
637 1004 848 1074 Libyae
888 1008 1182 1074 quaeratur
1220 1005 1381 1058 belua
1420 1005 1603 1074 terris,

195 1079 274 1133 Ut
311 1079 480 1150 longa
519 1079 748 1148 imperia
787 1081 951 1148 atque
992 1082 1233 1132 armatos
1273 1081 1534 1149 proroget
1574 1097 1745 1133 annos

194 1152 476 1207 Hannibal
516 1156 572 1206 et
608 1170 836 1223 regnum
875 1152 1062 1206 trahat
1102 1170 1271 1222 usque
1311 1153 1368 1205 in
1407 1156 1658 1223 tempora
1694 1153 1834 1207 fati?

195 1226 310 1281 Uos
338 1245 545 1280 uero—
565 1245 742 1297 neque
766 1226 909 1280 enim
927 1226 1139 1280 occulto
1159 1226 1554 1280 circumdamur
1571 1230 1775 1281 astu—
1809 1242 1895 1282 590

196 1300 282 1354 Ne
323 1301 494 1354 dulcis
536 1301 770 1370 spoliate
810 1300 1023 1370 domos;
1062 1300 1364 1370 castrisque
1402 1304 1690 1370 potentum

196 1375 382 1444 Atque
423 1375 618 1444 opibus
658 1375 865 1428 sancite
903 1374 1137 1428 modum.
1199 1393 1307 1443 pax
1346 1374 1555 1443 optima
1593 1394 1798 1444 rerum,

196 1448 342 1511 Quas
382 1449 593 1502 homini
629 1449 850 1502 nouisse
891 1448 1077 1501 datum
1117 1451 1221 1518 est3
1259 1467 1366 1519 pax
1388 1446 1513 1502 'una
1551 1449 1846 1520 triumphis

195 1522 509 1576 Innumeris
544 1523 747 1594 potior3
785 1541 915 1593 an‚
955 1523 1226 1576 custodire
1266 1523 1499 1576 salutem

194 1597 272 1650 Et
310 1597 445 1651 ciuis
486 1616 718 1667 aequare
757 1599 977 1667 potens,
1015 1601 1301 1651 reuocetur
1338 1597 1397 1650 in
1435 1597 1574 1651 arcis
1808 1611 1894 1653 595

197 1670 440 1724 Tandem
481 1669 753 1740 Sidonias;
794 1674 848 1724 et
886 1671 1034 1724 fama
1071 1670 1292 1741 fugetur
1332 1671 1400 1724 ab
1441 1672 1574 1725 urbe

194 1744 485 1815 Perfidiae,
524 1745 849 1814 Phoenissa,
887 1749 997 1798 tua.
1061 1745 1107 1798 si
1146 1748 1304 1798 tanta
1342 1745 1514 1799 libido

196 1819 491 1872 Armorum
530 1821 680 1871 tenet
720 1821 883 1888 atque
923 1837 1080 1872 enses
1118 1837 1229 1872 non
1267 1819 1489 1872 reddere
1525 1822 1738 1889 perstat

119 1932 121 1934 -
195 1891 453 1946 Poscenti
491 1892 729 1962 patriae,
766 1892 844 1944 nil
885 1892 1229 1962 suppeditare
1266 1892 1440 1946 furori

196 1965 406 2020 Hortor
446 1969 501 2019 et
538 1966 672 2020 haec
710 1966 873 2019 fratri
911 1965 1202 2037 Magonem
1244 1966 1391 2021 dicta
1428 1966 1662 2021 referre.'
1806 1982 1893 2023 600

274 2040 439 2093 Plura
479 2043 856 2094 annectentem
887 2070 961 2078 --
992 2059 1164 2110 neque
1205 2040 1346 2094 enim
1387 2040 1685 2095 satiauerat
1723 2043 1832 2096 iras

195 2112 437 2167 Dicendo
476 2145 537 2151 —
576 2115 779 2168 clamor
815 2115 1006 2169 turbat
1045 2115 1260 2168 diuersa
1298 2115 1602 2170 uolentum:

198 2185 279 2241 ‘Si
318 2187 524 2257 Libyae
566 2188 749 2257 decus,
788 2189 935 2242 haud
974 2189 1076 2242 ulli
1116 2189 1439 2258 superabilis
1479 2190 1667 2259 armis,

195 2257 476 2315 Hannibal
518 2265 602 2316 est
638 2262 753 2316 irae
792 2262 918 2331 tibi,
957 2262 1315 2318 destituemus
1355 2263 1424 2317 ad
1462 2264 1611 2332 ipsas

198 2334 478 2390 Uictorem
519 2336 730 2390 metas?
783 2355 883 2390 nec
923 2355 1088 2406 opum
1128 2337 1437 2390 adiumenta
1475 2337 1748 2391 feremus?
1805 2351 1892 2393 605
1927 2381 1936 2386 -

198 2407 414 2463 Inuidia
452 2411 610 2464 unius
652 2414 866 2480 sceptra
905 2414 967 2464 ut
1005 2411 1114 2463 iam
1153 2414 1314 2480 parta
1352 2411 1649 2465 retardet?'

198 2482 330 2536 Inde
371 2485 575 2538 alacres
616 2485 886 2554 tribuunt,
926 2502 1061 2554 quae
1100 2485 1233 2537 belli
1270 2488 1517 2555 posceret
1556 2504 1708 2554 USUS,

199 2556 540 2627 Absentique
581 2577 739 2612 suum
777 2558 985 2613 iactant
1024 2559 1123 2612 sub
1163 2561 1304 2612 teste
1344 2558 1602 2613 fauorem.

318 2822 405 2863 583
444 2820 611 2864 uicerit
645 2821 870 2867 Heinsius
991 2827 1077 2867 584
1117 2836 1141 2866 e
1173 2822 1352 2879 gremio
1385 2826 1445 2864 ch
1564 2824 1652 2865 586
1685 2820 1800 2865 iussi
1832 2827 1893 2865 ch

200 2883 282 2924 591
335 2877 541 2935 spoliata
588 2885 614 2921 8
797 2885 882 2926 597
929 2882 1038 2925 tuae
1086 2885 1191 2925 chs
1394 2885 1477 2925 601
1525 2878 1782 2924 satiauerat
1820 2885 1892 2923 <W

201 2936 500 2983 sauciauerat
530 2942 598 2979 LE
