2028 3190
532 126 922 174 ARGUMENTA
951 125 1282 173 LIBRORUM.
1654 127 1759 180 187

65 261 282 306 entiam
312 261 484 306 transit
506 266 593 307 442
605 265 757 307 —476.
806 260 1037 319 Alpium
1060 262 1297 318 aspectus;
1323 273 1483 305 earum
1508 260 1762 318 descriptio

67 325 318 367 477—499.
381 320 596 366 maximis
626 320 866 366 laboribus
889 319 1203 378 periculisque
1227 320 1481 365 exanclatis
1505 320 1556 364 in
1580 334 1761 365 summo

68 382 230 425 monte
261 381 417 425 castra
446 381 581 438 ponit
604 384 854 426 500-556.
909 379 1104 425 Ueneris
1136 382 1185 424 et
1207 379 1331 424 Iouis
1365 379 1423 424 de
1446 380 1763 424 Romanorum

68 438 178 484 fatis
209 439 494 495 colloquium
526 443 777 485 557—629.
837 438 1078 484 Hannibal
1107 438 1159 483 in
1187 437 1450 483 Taurinis
1482 439 1638 484 castra
1668 438 1762 483 col-

66 498 198 543 locat
228 503 492 544 630—646.
553 499 720 545 Bostar
756 513 814 544 ex
843 499 1003 544 Africa
1039 513 1252 543 reuersus
1293 498 1533 543 oraculum
1572 498 1763 555 exponit

186 633 351 676 Liber
374 635 467 678 IV.
508 632 685 677 Nuntio
710 632 768 677 de
792 632 1072 677 Hannibalis
1095 632 1143 676 in
1168 630 1355 677 Italiam
1380 630 1590 676 aduentu
1613 631 1760 676 allato

67 690 245 736 Romae
289 704 462 748 magna
499 691 753 748 trepidatio
802 691 972 747 oritur3
1022 691 1211 736 senatus
1259 690 1415 736 animo
1461 704 1554 735 non
1602 690 1763 735 deficit

68 754 226 796 1—38.
282 751 520 796 Hannibal
551 750 712 796 Gallos
738 749 829 796 sibi
852 750 1086 797 conciliat.
1142 749 1298 807 Scipio
1325 765 1379 795 ex
1394 749 1613 795 'Massilia
1638 749 1764 794 redit

62 812 271 854 39—55.
338 811 533 866 uterque
572 809 777 855 militum
818 810 987 854 animis
1028 809 1312 855 confirmatis
1351 810 1412 854 ad
1446 807 1679 866 proelium
1711 822 1761 853 se

68 868 258 925 expedit
288 872 507 914 56—100.
576 883 713 914 omen
754 871 864 913 ante
894 883 1102 926 pugnam
1136 872 1383 913 101—134.
1436 868 1670 925 proelium
1701 868 1762 911 ad

64 927 328 972 Ticinum
367 928 667 974 commissum
702 933 950 973 135—479.
984 954 1039 960 —
1082 927 1236 985 Scipio
1269 928 1426 985 copias
1457 928 1518 972 ad
1542 927 1760 972 Trebiam

64 985 210 1041 ducit,
252 987 335 1031 ubi
375 1001 480 1032 cum
513 987 584 1031 Ti.
619 988 894 1044 Sempronio
926 987 1089 1044 Longo
1129 1002 1177 1032 se
1220 986 1467 1043 coniungit
1505 989 1758 1032 480—497.

64 1044 301 1090 Hannibal
331 1046 567 1092 Romanos
608 1048 668 1092 ad
699 1047 1002 1104 pugnandum
1041 1045 1173 1091 elicit
1203 1050 1289 1091 498
1301 1050 1454 1090 —524.
1508 1059 1670 1103 pugna
1701 1046 1761 1090 ad

62 1103 328 1150 Trebiam
359 1104 487 1151 facta
510 1110 760 1151 525—704.
790 1131 846 1138 —
878 1103 924 1151 C.
942 1105 1201 1150 Flaminius
1227 1105 1387 1150 consul
1412 1106 1597 1150 creatus
1630 1118 1762 1149 exer-

66 1163 212 1208 citum
235 1164 538 1209 inEtruriam
564 1165 694 1209 ducit
718 1169 967 1210 705—721.
1016 1164 1253 1210 Hannibal
1279 1179 1307 1209 a
1329 1165 1503 1208 Iunone
1529 1163 1760 1209 excitatus

64 1224 106 1266 A
115 1238 146 1280 p
157 1236 183 1267 e
192 1238 223 1268 n
231 1223 328 1268 nin
336 1240 369 1268 u
377 1239 424 1268 m
436 1225 754 1282 transgressus
771 1225 830 1269 ad
841 1225 1208 1269 Trasumennum
1223 1225 1376 1267 lacum
1393 1225 1547 1268 castra
1561 1222 1761 1268 collocat

66 1286 330 1327 722—762.
407 1284 575 1340 Legati
615 1297 644 1327 a
683 1282 1147 1340 Carthaginiensibus
1193 1282 1324 1326 missi
1364 1282 1664 1327 sciscitantur
1702 1283 1761 1327 ab

68 1354 147 1396 eo,
178 1343 338 1385 utrum
360 1341 509 1386 filium
541 1357 675 1387 suum
707 1342 778 1386 dis
801 1342 968 1399 patriis
1000 1356 1057 1387 ex
1079 1354 1208 1386 more
1239 1341 1473 1386 immolari
1504 1354 1563 1385 an
1588 1342 1764 1386 reiecta

64 1402 190 1445 sorte
223 1401 399 1445 seruari
428 1400 549 1445 uelit
580 1405 830 1447 763—829.

182 1476 346 1518 Liber
359 1478 423 1520 V.
466 1474 704 1519 Hannibal
727 1475 904 1520 milites
928 1475 977 1519 in
1001 1474 1184 1519 insidiis
1209 1474 1424 1519 collocat.
1457 1473 1762 1519 Trasumenni

63 1547 233 1578 nomen
267 1538 439 1578 1—23.
501 1533 758 1579 Flaminius
796 1536 934 1579 malis
975 1533 1208 1579 ominibus
1248 1534 1296 1578 et
1336 1533 1525 1578 Coruini
1573 1533 1762 1590 auguris

63 1592 255 1637 monitis
295 1593 575 1650 contemptis
617 1593 822 1638 militum
854 1593 1034 1638 animos
1074 1594 1134 1637 ad
1165 1593 1472 1650 pugnandum
1501 1593 1763 1637 inflammat

61 1655 285 1697 24—185.
331 1665 492 1709 pugna
516 1652 577 1696 ad
595 1653 1040 1697 Trasumennum
1064 1652 1221 1697 lacum
1241 1652 1491 1695 commissa
1509 1655 1758 1696 186—687.

183 1728 347 1770 Liber
383 1728 475 1771 VI.
545 1725 717 1770 Uatiae
756 1727 929 1784 stragis
968 1725 1213 1783 imagines.
1284 1725 1603 1771 Romanorum
1645 1725 1760 1782 fuga

68 1789 225 1830 1—61.
289 1785 533 1841 Serranus,
565 1785 737 1843 Reguli
766 1785 911 1842 filius,
951 1786 1001 1830 in
1031 1786 1145 1842 fuga
1177 1787 1238 1829 ad
1271 1784 1478 1840 Marum,
1510 1785 1656 1842 patris
1688 1785 1760 1829 sui

64 1843 371 1901 armigerum,
411 1844 628 1902 peruenit
665 1846 715 1890 et
753 1845 814 1890 ab
854 1858 908 1890 eo
950 1846 1140 1890 curatur
1180 1849 1399 1889 62—100.
1461 1845 1564 1888 tum
1603 1843 1760 1888 Marus

65 1903 236 1959 Reguli
267 1917 340 1947 res
371 1905 529 1961 gestas
561 1906 726 1948 narrat
751 1908 999 1949 101-551,
1033 1929 1089 1937 —
1120 1903 1299 1948 Romae
1330 1904 1494 1960 ingens
1525 1903 1679 1947 luctus
1712 1904 1761 1948 et

64 1961 319 2018 trepidatio
345 1964 505 2008 oritur.
559 1963 782 2008 Serranus
807 1964 867 2007 ad
883 1963 1111 2007 Marciam
1133 1965 1335 2007 matrem
1358 1961 1484 2007 redit
1507 1965 1757 2007 552—589.

67 2022 255 2066 senatus
286 2022 344 2066 de
376 2022 501 2067 bello
533 2024 739 2079 gerendo
772 2023 1021 2067 consultat.
1069 2021 1309 2066 Hannibal
1339 2022 1535 2067 consilio
1567 2021 1761 2066 Romam

66 2080 259 2137 petendi
290 2094 319 2124 a
342 2081 451 2126 Ioue
477 2081 752 2126 deterretur.
807 2082 985 2126 Romae
1011 2081 1063 2135 Q.
1089 2081 1300 2126 Fabius
1334 2080 1607 2125 Maximus
1640 2080 1760 2124 dic-

67 2140 226 2184 tator
248 2139 420 2184 dicitur
444 2144 691 2185 590—618.
727 2140 825 2184 eius
848 2140 1099 2197 prudentia
1124 2143 1374 2184 619-640,
1414 2139 1654 2183 Hannibal
1677 2153 1762 2196 per

66 2197 306 2243 Umbriam
323 2201 373 2243 et
388 2212 553 2257 agrum
570 2200 791 2244 Picenum
806 2199 855 2243 in
873 2198 1177 2255 Campaniam
1193 2198 1431 2255 profectus
1447 2197 1626 2242 Literni
1641 2199 1761 2241 tem-

65 2257 212 2314 plum,
243 2257 372 2302 cuius
403 2259 453 2302 in
482 2257 741 2315 porticibus
774 2272 845 2302 res
870 2258 1020 2314 primo
1049 2258 1174 2302 bello
1198 2257 1372 2301 Punico
1398 2259 1558 2313 gestae
1583 2256 1759 2301 tabulis

64 2315 206 2371 pictis
237 2330 481 2373 expressae
514 2319 661 2373 erant,
691 2317 905 2361 incendio
938 2315 1067 2361 delet
1098 2321 1347 2361 641—716.

182 2390 346 2434 Liber
375 2392 494 2435 VII.
555 2388 728 2434 Fabius
769 2388 1031 2434 cunctando
1070 2403 1169 2434 rem
1210 2402 1370 2445 gerere
1401 2389 1568 2433 statuit
1601 2393 1758 2433 1—19.

65 2446 305 2493 Hannibal
335 2463 364 2493 a
395 2448 547 2493 Cilnio
588 2448 792 2505 quodam
830 2447 1021 2505 captiuo
1059 2449 1117 2492 de
1148 2447 1284 2493 Fabii
1314 2460 1485 2504 genere
1526 2449 1574 2492 et
1603 2448 1760 2493 indole

66 2506 290 2552 edocetur
328 2512 532 2552 20—73.
616 2508 793 2551 Romae
848 2507 1212 2564 supplicationes
1266 2507 1499 2552 habentur
1555 2511 1759 2551 74-89.

65 2565 240 2610 Fabius
273 2565 571 2622 disciplinam
610 2565 863 2610 militarem
900 2565 1127 2620 restituit3
1166 2565 1404 2611 Hannibal
1446 2566 1621 2610 frustra
1654 2580 1760 2611 eum

67 2624 130 2668 ad
170 2625 406 2669 certamen
443 2626 672 2681 prouocat
710 2629 943 2669 90—122.
996 2628 1099 2669 tum
1137 2624 1214 2669 hic
1255 2625 1306 2668 in
1335 2624 1557 2681 Apuliam
1596 2625 1760 2670 castris

67 2683 207 2728 motis
237 2684 379 2727 uariis
411 2682 532 2727 dolis
565 2682 844 2728 dictatorem
874 2684 1030 2728 tentat
1063 2687 1310 2728 123-145.
1373 2685 1426 2727 In
1450 2683 1752 2741 Campaniam

68 2755 280 2786 reuersus
319 2755 484 2799 agrum
514 2741 761 2786 Falernum
793 2743 1125 2799 depopulatum
1166 2741 1375 2787 narratio
1405 2742 1463 2787 de
1493 2743 1679 2788 Baccho
1712 2745 1761 2788 et

69 2800 268 2845 Falerno
296 2805 544 2846 147—211.
592 2801 764 2845 Fabius
787 2801 994 2845 militum
1016 2801 1390 2859 indignationem
1414 2805 1462 2847 et
1484 2801 1604 2847 iram
1626 2802 1760 2848 sedat

70 2863 318 2904 212—259.
373 2859 516 2904 Fraus
555 2860 828 2904 Hannibalis
860 2861 921 2904 ad
953 2862 1217 2916 augendam
1250 2859 1492 2906 dictatoris
1531 2860 1761 2906 inuidiam

71 2920 319 2965 260—267.
381 2917 619 2963 Hannibal
655 2918 780 2965 intra
818 2919 960 2964 colles
1001 2921 1050 2964 et
1090 2919 1331 2977 angustias
1360 2920 1566 2966 inclusus
1600 2922 1761 2966 euadit

1785 1238 1818 1262 a.
1837 1230 1902 1263 217
