1988 3190
148 144 223 198 82
817 141 932 186 SILI
962 141 1190 187 ITALICI

152 280 546 334 Extremumue
587 278 730 331 diem
770 280 825 330 et
862 280 1128 331 terrarum
1168 277 1402 331 inuisere
1441 280 1631 331 metas.

151 353 242 408 Sic
279 356 458 424 poscit
491 353 696 423 sparsis
728 351 951 405 Mauors
991 353 1228 421 agitatus
1267 353 1324 404 in
1364 353 1488 405 oris

150 427 302 497 Ergo
344 446 458 497 age,
499 445 605 497 qua
643 426 782 496 litui,
821 445 926 496 qua
966 426 1169 479 ducunt
1206 426 1365 493 bella,
1405 444 1707 496 sequamur.
1789 441 1845 482 10

229 501 503 555 Ausoniae
541 519 668 571 pars
708 517 908 570 magna
943 499 1086 553 iacet
1124 499 1405 553 Trinacria
1441 501 1621 571 tellus,

152 575 231 630 Ut
270 576 437 630 semel
477 577 822 645 expugnante
862 573 1011 627 Noto
1052 577 1107 626 et
1144 574 1489 627 uastantibus
1528 574 1689 628 undis

148 647 380 720 Accepit
417 649 576 719 freta,
616 648 861 702 caeruleo
902 648 1166 718 propulsa
1203 648 1455 702 tridente.

148 723 403 794 Namque
442 741 540 793 per
580 723 851 776 occultum
891 740 1050 775 caeca
1086 722 1144 774 ui
1174 722 1409 775 turbinis
1442 722 1573 775 olim

149 799 462 869 Impactum
500 798 728 867 pelagus
766 797 1035 850 laceratae
1074 796 1286 849 uiscera
1322 799 1499 849 terrae
1787 809 1842 850 15

150 873 388 927 Discidit
426 875 496 939 et,
536 871 712 924 medio
752 889 1105 940 perrumpens
1139 889 1270 923 arua
1307 870 1591 940 profundO,

149 946 290 1001 Cum
329 946 545 1016 populis
585 944 791 1015 pariter
831 944 1104 998 conuulsis
1143 944 1428 997 transtulit
1464 945 1641 998 urbes·

153 1021 240 1075 Ex
278 1021 393 1089 illo,
434 1038 658 1073 seruans
699 1019 921 1087 rapidus
962 1018 1210 1087 diuortia,
1248 1018 1456 1072 Nereus

150 1093 326 1148 Saeuo
368 1094 617 1147 diuiduos
658 1093 919 1162 coniungi
957 1095 1222 1162 pernegat
1255 1095 1423 1145 aestu.

150 1167 256 1222 Sed
298 1170 550 1237 spatium,
590 1167 734 1237 quod
774 1166 1030 1219 dissociat
1069 1166 1346 1219 consortia
1383 1169 1576 1232 terrae,
1783 1179 1840 1220 20

150 1242 407 1296 Latratus
445 1241 595 1295 fama
634 1244 718 1293 est
749 1271 823 1278 —
855 1241 931 1293 sic
971 1243 1090 1293 arta
1128 1240 1420 1292 interuenit
1458 1241 1600 1292 unda
1637 1271 1700 1278 —

147 1317 227 1371 Et
266 1316 565 1369 matutinos
605 1315 888 1368 uolucrum
925 1313 1230 1367 tramittere
1271 1317 1478 1367 cantus,

151 1391 329 1445 Multa
369 1391 485 1444 solo
524 1390 722 1443 uirtus:
776 1388 888 1441 iam
926 1388 1147 1441 reddere
1186 1388 1377 1441 foenus
1418 1387 1630 1456 aratriS‚

149 1465 269 1518 Iam
309 1464 511 1518 montis
550 1464 802 1516 umbrare
843 1462 979 1531 olea,
1017 1463 1144 1515 dare
1183 1462 1406 1515 nomina
1443 1461 1659 1515 Baccho

151 1538 616 1608 Cornipedemque
658 1538 823 1590 citum
863 1537 1013 1589 lituis
1054 1554 1341 1606 generasse
1380 1535 1631 1606 ferendis,
1782 1548 1838 1589 25

149 1612 388 1667 Nectare
422 1611 710 1681 Cecropias
742 1610 989 1680 Hyblaeo
1030 1610 1279 1663 accedere
1319 1628 1485 1663 ceras.

148 1687 256 1741 Hic
295 1690 350 1739 et
388 1686 656 1739 Paeonios
699 1702 894 1738 arcano
936 1684 1194 1753 sulphure
1232 1683 1418 1754 fontis,

149 1761 256 1814 Hic
294 1760 515 1813 Phoebo
557 1759 722 1829 digna
761 1762 814 1810 et
851 1757 1023 1811 Musis
1062 1758 1389 1811 uenerabere
1427 1759 1616 1810 uatum

150 1835 260 1888 Ora
299 1834 671 1901 excellentum,
712 1850 892 1884 sacras
934 1831 1026 1900 qui
1065 1832 1301 1884 carmine
1342 1831 1525 1898 siluaS,

150 1907 360 1977 Quique
402 1906 683 1976 Syracosia
722 1908 980 1958 resonant
1017 1904 1285 1958 Helicona
1323 1923 1559 1957 camena.
1781 1918 1839 1958 30

148 1981 443 2051 Promptae
483 1997 616 2050 gens
657 1980 898 2049 linguae3
949 1981 1035 2031 ast
1075 1978 1276 2047 eadem,
1315 1997 1437 2032 cum
1475 1978 1621 2032 bella
1659 1978 1841 2049 cieret,

148 2055 346 2109 Portus
387 2054 670 2123 aequoreis
713 2056 868 2106 sueta
905 2052 1167 2122 insignire
1207 2052 1502 2122 trophaeis.

224 2129 359 2182 Post
397 2129 572 2181 dirum
604 2123 942 2197 Antiphatae
982 2129 1254 2196 sceptrum
1294 2130 1348 2178 et
1380 2125 1640 2196 Cyclopia
1671 2142 1839 2196 regna

153 2203 388 2257 Uomere
428 2204 710 2255 uerterunt
741 2200 977 2271 primum
1017 2219 1162 2254 noua
1193 2218 1321 2252 rura
1352 2197 1571 2253 Sicano:

272 2427 324 2466 12
360 2420 524 2479 semel]
580 2420 731 2464 senies
773 2424 799 2462 S
954 2422 1007 2463 16
1039 2418 1246 2463 Discidit
1278 2422 1351 2460 cm
1381 2418 1409 2461 Z.
1443 2418 1471 2461 Ζ.
1626 2422 1678 2462 17
1728 2431 1837 2463 con·

149 2481 296 2527 uulsis
329 2485 390 2524 ch
428 2479 674 2525 conuulsas
706 2483 744 2520 V
918 2483 972 2522 18
1003 2478 1194 2523 rabidus
1227 2482 1268 2522 et
1300 2482 1353 2521 19
1387 2475 1604 2521 diuiduas
1636 2477 1839 2534 Ruperti

149 2567 206 2574 —
241 2542 396 2585 aestus
431 2544 457 2581 S
630 2543 687 2582 22
720 2537 783 2581 Et
812 2535 1071 2581 matutinos
1103 2542 1138 2580 F
1184 2536 1236 2581 Ε.
1262 2549 1321 2580 m.
1354 2539 1421 2578 Lo
1468 2534 1764 2580 Ematutinos
1796 2539 1835 2578 V

150 2605 206 2644 23
238 2600 401 2644 foenus
434 2598 557 2642 cml.
585 2598 613 2642 l.
638 2602 675 2639 V
723 2610 860 2640 seuus
891 2600 957 2638 Lo
1007 2609 1172 2640 saeuus
1204 2601 1238 2638 F
1271 2594 1344 2650 (T.
1370 2609 1419 2651 p.
1446 2597 1560 2650 219)
1592 2619 1648 2627 —
1682 2595 1835 2640 aranti

148 2658 377 2703 Schrader
526 2661 585 2701 24
615 2655 806 2713 montis]
840 2654 1030 2699 monitis
1063 2660 1090 2697 S
1122 2680 1178 2687 —-
1212 2653 1317 2699 olea
1347 2659 1381 2695 F
1429 2652 1518 2697 dea
1547 2656 1677 2707 LOV,
1714 2654 1836 2710 quod

142 2718 275 2775 prob.
301 2717 453 2761 Barth
514 2720 571 2761 26
603 2714 824 2759 accedere
847 2714 1001 2758 Barth
1032 2714 1202 2770 aliique
1233 2712 1485 2757 accendere
1510 2716 1536 2754 S
1610 2716 1666 2755 28
1690 2725 1832 2756 uene-

149 2776 313 2820 rabere
344 2778 396 2828 v,
434 2778 488 2819 ut
518 2775 632 2819 coni.
663 2773 846 2819 Gronov
876 2776 919 2818 et
949 2772 1175 2818 Heinsius
1205 2769 1473 2816 uenerabile
1497 2774 1598 2812 1.Ὲο
1627 2794 1680 2802 -
1703 2768 1834 2815 Haec

150 2834 235 2879 Ph.
262 2833 306 2878 d.
333 2834 380 2877 et
410 2833 554 2877 Musis
587 2831 874 2888 (uenerabile
888 2832 917 2888 l)
949 2846 993 2875 0.
1021 2830 1115 2875 Ora
1148 2834 1224 2887 (=
1248 2831 1424 2886 insula)
1446 2828 1597 2873 Barth
1657 2833 1712 2872 31
1738 2828 1830 2885 ast]

153 2893 223 2943 est
252 2897 285 2935 1.
318 2917 376 2924 —
407 2891 584 2935 cierent
614 2891 839 2935 Heinsius
1047 2895 1103 2934 33
1150 2889 1372 2946 antiphee
1417 2893 1450 2930 1.
1507 2885 1757 2942 antipheae
1796 2891 1831 2928 F

150 2950 344 3009 antipho
377 2953 447 2991 0V
477 2975 535 2982 —
568 2948 790 3006 Cyclopia
821 2953 881 2991 Ch
983 2952 1040 2992 34
1073 2948 1229 2993 Sicani
1259 2947 1504 2992 Liuineius
1534 2958 1569 2990 e.
1596 2945 1691 2990 cod.
1718 2944 1826 2990 Put.
