1988 3190
654 116 1014 163 PUNICORUM
1044 99 1228 162 LIBER,
1258 117 1358 162 xv.
1725 115 1834 169 135

148 253 364 317 Quanta
411 253 601 306 afferre
648 252 875 307 manus?
937 252 1075 306 Tum
1121 270 1249 306 uero
1298 251 1588 305 effunditur
1637 251 1832 322 ingens

149 327 403 381 Telorum
446 327 545 396 uis,
583 330 638 379 et
677 327 843 380 densa
883 328 962 380 sol
994 328 1231 380 uincitur
1268 326 1475 379 umbra.
1747 338 1833 380 765

149 401 372 471 Iamque
410 419 508 471 per
547 404 793 454 extentos
834 401 1043 454 alterna
1083 403 1264 471 strage
1303 401 1544 452 uirorum

147 472 390 544 Corpora
427 474 550 527 fusa
586 475 765 528 iacent
802 492 1038 543 campOS,
1078 474 1425 543 demersaque
1464 473 1523 525 in
1560 472 1761 526 undam

147 548 446 602 Iunxerunt
484 550 697 601 cumulo
739 551 1010 603 crescente
1050 548 1313 602 cadauera
1343 548 1515 616 ripas,

149 621 240 691 Ut,
279 641 400 675 cum
439 625 639 675 uenatu
678 624 847 675 saltus
888 625 1099 674 exercet
1139 639 1334 691 opacos

147 695 423 765 Dictynna
462 700 516 748 et
554 696 730 748 laetae
769 697 993 766 praebet
1032 695 1340 765 spectacula
1379 694 1555 762 matri,
1744 707 1831 747 770

148 770 262 822 Aut
309 768 512 839 Cynthi
555 788 779 823 nemora
826 770 1098 823 excutiens
1146 772 1241 822 aut
1285 767 1532 821 Maenala
1577 768 1832 835 lustrans,

148 843 338 896 Omnis
378 842 650 896 Naiadum
688 844 865 913 plenis
905 844 1167 897 comitata
1204 841 1476 911 pharetris

146 916 331 969 Turba
370 917 497 987 ruit,
535 916 875 986 striduntque
916 917 1212 987 sagittiferi
1253 915 1453 986 goryti.

146 990 284 1043 Tum
323 1008 420 1059 per
459 1009 591 1043 saxa
628 990 773 1043 ferae
812 1008 1015 1060 perque
1053 991 1175 1060 ipsa
1214 989 1415 1042 cubilia
1453 988 1623 1056 fusae,

143 1063 247 1116 Per
285 1064 445 1117 uallis
484 1063 785 1133 fluuiosque
826 1067 987 1133 atque
1026 1067 1184 1116 antra
1221 1061 1456 1116 uirentia
1495 1079 1681 1114 musco
1746 1074 1831 1114 775

145 1136 322 1191 Multa
362 1136 543 1207 strage
581 1138 774 1190 iacent.
837 1138 1044 1190 exultat
1083 1137 1286 1190 uertice
1326 1135 1527 1188 montis

147 1210 373 1264 Gratam
413 1212 747 1280 perlustrans
789 1211 958 1265 oculis
997 1210 1233 1264 Latonia
1270 1209 1541 1278 praedam.

223 1285 426 1338 Audito
467 1288 592 1337 ante
634 1285 768 1338 alios
816 1285 1042 1337 senioris
1082 1284 1320 1352 uulnere,
1359 1282 1565 1350 rumpit

147 1358 248 1410 Per
286 1358 491 1411 medios
530 1357 678 1411 Nero
720 1376 912 1412 saeuus
952 1359 1070 1427 iter,
1108 1358 1331 1426 uisaque
1369 1356 1611 1408 uirorum
1743 1368 1828 1407 779

144 1431 378 1500 Aequali
416 1448 622 1500 pugnat
660 1430 827 1493 ‘Quid
867 1433 1024 1500 enim,
1062 1431 1188 1500 quid
1228 1429 1417 1482 deinde
1455 1429 1707 1482 relictum
1747 1432 1831 1481 est

146 1505 339 1557 Italiac
377 1504 545 1557 fatis?
588 1505 731 1557 hunc
771 1506 816 1556 si
853 1523 963 1557 non
1003 1504 1218 1558 uincitis
1258 1504 1488 1571 hostem,

145 1577 506 1631 Hannibalem
545 1578 844 1632 uincetis‘?'
884 1579 975 1631 ait.
1022 1578 1155 1630 Ruit
1187 1577 1334 1630 ocius
1376 1594 1560 1638 amens

144 1651 211 1704 In
250 1652 478 1722 medios;
517 1651 847 1722 Tyriumque
886 1653 1076 1705 ducem
1114 1653 1255 1704 inter
1293 1650 1470 1718 prima
1509 1649 1829 1702 frementem

144 1726 379 1795 Agmina
415 1729 479 1778 ut
518 1726 743 1794 aspexit,
780 1725 956 1778 rabidi
996 1743 1090 1778 ceu
1129 1725 1288 1778 belua
1326 1723 1495 1792 ponti,

144 1798 247 1851 Per
286 1799 510 1869 longum
551 1799 726 1852 sterili
765 1799 830 1851 ad
869 1802 1058 1868 pastus
1097 1798 1300 1851 iactata
1338 1796 1625 1866 profundo,
1740 1809 1827 1850 785

145 1871 282 1926 Cum
320 1873 508 1942 procul
549 1873 606 1925 in
643 1873 809 1926 fluctu
849 1873 1051 1941 piscem
1090 1873 1230 1925 male
1272 1871 1454 1924 saucia
1491 1870 1643 1940 uidit,

145 1945 376 1999 Aestuat
416 1950 484 2014 et,
522 1946 761 1999 lustrans
801 1950 1023 2000 nantem
1063 1946 1160 1999 sub
1203 1945 1416 2014 gurgite
1455 1944 1728 2014 praedam,

143 2017 419 2074 Absorbet
457 2021 566 2072 late
605 2021 934 2089 permixtum
973 2020 1210 2088 piscibus
1259 2036 1472 2087 aequor.

145 2091 272 2145 Non
309 2094 420 2145 telo
461 2111 634 2159 mora,
678 2111 788 2146 non
828 2093 1002 2146 dictis,
1078 2091 1268 2144 ‘Haud
1309 2089 1585 2160 ampliuS,'
1631 2091 1824 2160 inquit,

143 2165 405 2218 ‘Elabere
445 2166 593 2219 mihi.
653 2184 764 2219 non
801 2166 890 2219 hic
928 2184 1152 2219 nemora
1191 2165 1315 2218 auia
1353 2164 1544 2217 fallent
1741 2179 1827 2218 790

144 2238 397 2307 PyreneS,
435 2257 534 2292 nec
572 2239 855 2307 promissis
892 2240 1224 2292 frustrabere
1263 2238 1434 2304 uanis,

147 2310 222 2364 Ut
260 2311 528 2380 quondam
567 2315 715 2364 terra
751 2312 917 2365 fallax
957 2313 1248 2381 deprensus
1288 2311 1493 2362 Hibera

147 2384 339 2436 Euasti
376 2388 617 2437 nostram
657 2386 884 2439 mentito
922 2386 1136 2439 foedere
1176 2382 1454 2436 dextram.⁹

268 2503 351 2543 767
386 2498 688 2554 demersaque
721 2504 792 2542 cm
816 2499 908 2555 Ep.
933 2503 992 2543 10
1040 2497 1315 2554 diuet-saque
1349 2503 1379 2541 0
1533 2503 1615 2542 771
1653 2498 1823 2554 Cynthi

146 2556 372 2601 Schrader
413 2556 544 2613 pindi
577 2562 603 2600 S
784 2562 868 2601 773
900 2559 1042 2601 ruunt
1073 2562 1126 2600 cc
1155 2557 1259 2601 Em.
1294 2558 1338 2601 I.
1373 2561 1402 2601 6
1437 2556 1511 2608 (T.
1537 2571 1588 2614 p.
1622 2561 1732 2612 197)
1767 2583 1822 2590 —

145 2615 442 2671 striduntque
473 2614 725 2671 sagittiferi
757 2615 908 2671 coryti
932 2620 1004 2658 cm
1027 2616 1118 2671 Ep.
1146 2620 1204 2660 10
1228 2620 1269 2660 et
1294 2620 1346 2657 σο
1370 2615 1474 2660 Em.
1498 2615 1540 2658 I.
1567 2618 1597 2660 6
1667 2619 1754 2661 774
1778 2619 1826 2661 et

144 2687 230 2731 per
258 2673 363 2730 ipsa
395 2678 425 2716 0
520 2679 604 2718 775
638 2673 791 2731 antra]
826 2677 929 2717 atra
961 2679 987 2716 S
1079 2679 1163 2719 776
1197 2674 1354 2718 exulta
1384 2679 1416 2716 1.
1513 2679 1597 2718 777
1632 2673 1824 2720 Gratam

145 2732 431 2789 perlustrans
449 2737 521 2775 cm
544 2738 584 2777 et
601 2737 655 2775 Co
672 2734 718 2777 ll.
736 2733 781 2777 ll.
799 2736 866 2775 LF
899 2731 960 2776 Et
982 2731 1128 2777 latam
1153 2732 1438 2789 perlustrans
1459 2737 1530 2775 ΟΥ
1548 2733 1621 2789 (Τ.
1634 2748 1684 2791 p.
1703 2738 1822 2789 224)

146 2796 233 2836 780
266 2792 337 2836 est
366 2804 449 2836 om.
477 2795 507 2833 0
630 2796 713 2836 785
747 2791 896 2835 sterili
926 2792 1088 2847 pastus
1121 2792 1301 2836 sectata
1327 2791 1466 2836 Blass
1588 2797 1672 2837 788
1704 2792 1824 2851 late]

145 2851 240 2894 lete
265 2854 330 2893 Lo
362 2851 440 2903 (cf.
462 2850 607 2895 XVI.
627 2853 737 2906 519)
771 2849 916 2894 lattae
942 2863 1056 2895 corr.
1081 2851 1134 2894 in
1164 2850 1316 2894 laetae
1339 2855 1373 2892 F
1405 2851 1564 2897 l...v
1628 2855 1712 2896 792
1746 2852 1823 2895 de-

145 2921 331 2965 pressus
363 2912 435 2951 ΟΥ
