1988 3190
172 132 280 184 134
838 132 952 177 SILI
982 131 1203 179 ITALICI

168 266 410 339 Sidonia3
453 268 521 321 ad
557 267 792 321 Rutulos
831 267 1077 322 Uictoria
1116 271 1358 322 uerterat
1398 270 1527 322 alas,

166 341 372 412 Celsus,
413 360 509 395 ceu
547 342 723 411 prima
762 342 1138 396 reflorescente
1177 343 1412 411 iuuenta,

162 415 289 469 Ibat
330 417 534 484 consul,
573 434 741 469 ouans
781 417 955 470 maior
995 417 1273 487 maiorque
1313 417 1500 471 uideri.

164 489 320 560 Ecce,
361 490 582 543 trahens
625 507 806 543 secum
846 493 1129 545 canentem
1169 491 1393 561 puluere
1433 494 1686 562 turmam,
1771 506 1856 548 740

165 564 375 617 Ductor
414 563 735 635 Agenoreus
777 565 940 634 subit,
978 565 1404 635 intorquensque
1445 566 1662 619 lacertis

161 637 308 708 Tela,
349 642 527 692 sonat:
568 635 860 692 ‘Cohibete
899 639 1101 710 fugam.
1163 639 1249 693 cui
1288 639 1525 693 cedimus
1565 639 1749 694 hosti?

161 711 358 765 Nonne
397 713 598 781 pudet?
641 730 903 766 conuersa
944 731 1104 766 senex
1143 713 1509 766 marcentibus
1549 715 1706 768 annis

160 783 401 856 Agmina
427 787 564 858 agit3
595 805 754 856 nunc,
786 805 1002 857 quaem,
1028 787 1162 840 mihi
1185 805 1329 846 nunc
1354 787 1576 841 dextera
1606 788 1665 841 in
1689 789 1855 843 armis

160 859 486 930 Degenerat,
522 861 802 930 nostrique
840 861 1030 931 piget?
1069 861 1205 914 mihi
1243 859 1409 915 Belus
1450 879 1676 915 auorum
1770 876 1855 918 ‘145

160 933 510 1004 Principium,
549 935 686 987 mihi
726 939 1020 1005 cognatum
1061 933 1289 989 Sidonia
1326 935 1468 988 Dido

160 1007 391 1078 Nomen,
433 1012 486 1061 et
526 1012 651 1061 ante
693 1010 868 1062 omnis
909 1009 1053 1062 bello
1092 1009 1458 1062 numerandus
1498 1008 1779 1063 Hamilcar

158 1081 262 1135 Est
302 1084 539 1153 genitor3
579 1083 726 1148 mihi,
768 1083 852 1136 cui
893 1083 1090 1135 cedunt
1128 1086 1445 1152 montesque
1483 1083 1742 1154 lacusque

157 1154 234 1208 Et
274 1156 451 1226 campi
491 1161 654 1226 atque
695 1175 903 1225 amne8‚
949 1156 1141 1224 frater3
1193 1174 1278 1209 me
1318 1173 1516 1227 magna
1558 1158 1852 1211 secundum

159 1229 437 1301 Carthago
477 1234 635 1298 putat
672 1230 990 1301 Hannibali3
1030 1249 1116 1284 me
1156 1229 1340 1283 Baetis
1381 1231 1439 1283 in
1480 1231 1590 1284 oris
1766 1246 1851 1286 750

157 1302 415 1375 Aequant
453 1321 711 1374 germano
750 1322 944 1374 passae
984 1322 1105 1357 mea
1143 1304 1352 1373 proelia
1391 1303 1616 1375 gentes?

158 1377 314 1432 Talia
355 1378 479 1432 dum
521 1382 800 1447 memorat,
840 1378 1047 1432 medios
1088 1378 1303 1432 ablatus
1342 1378 1401 1431 in
1439 1378 1633 1450 hostiS‚

156 1450 234 1506 Ut
274 1470 417 1506 noua
457 1453 734 1522 conspecti
773 1453 1040 1506 fulserunt
1079 1452 1316 1506 consulis
1358 1471 1524 1521 arma,

156 1526 390 1580 Hastam
428 1545 794 1597 praepropero
834 1526 958 1580 nisu
996 1526 1141 1582 iacit.
1203 1526 1300 1579 illa
1337 1545 1434 1596 per
1476 1545 1599 1580 oras

158 1600 348 1654 Aerati
388 1601 548 1670 clipei
589 1604 644 1654 et
683 1601 882 1655 loricae
922 1600 1167 1672 tegmina
1208 1619 1419 1653 summo
1475 1608 1479 1612 ’
1766 1615 1850 1657 755

154 1675 351 1729 Incidit
388 1675 534 1728 haud
571 1674 705 1728 felix
743 1693 929 1728 umero
968 1692 1235 1744 parceque
1274 1675 1507 1744 petitum

155 1748 484 1803 Perstrinxit
523 1767 718 1819 corpus
758 1768 858 1802 nec
896 1750 1068 1802 multo
1107 1748 1280 1801 tincta
1321 1766 1525 1817 cruore;

157 1822 317 1876 Uana
358 1823 449 1876 sed
491 1822 704 1892 optanti
742 1822 998 1892 promisit
1039 1822 1237 1891 gaudia
1277 1821 1474 1875 Poeno.

232 1896 464 1950 Turbati
503 1896 706 1966 Rutuli,
747 1896 1076 1965 confusaque
1114 1898 1334 1965 pectora
1374 1895 1494 1948 uisu

155 1969 429 2023 TerrificO.
490 1973 621 2023 tunc
660 1969 990 2038 increpitans
1032 1969 1318 2030 conamina
1358 1969 1572 2023 consul:
1764 1983 1850 2024 760

156 2043 460 2097 ‘Femineis
501 2044 706 2097 laesum
746 2061 887 2096 uana
925 2043 1067 2096 inter
1107 2061 1308 2097 cornua
1348 2060 1544 2111 corpus

155 2117 460 2189 UnguibUS‚
501 2120 595 2170 aut
633 2118 831 2187 palmis
872 2118 1056 2171 credas
1098 2116 1395 2185 puerilibus
1435 2116 1617 2170 ictum.

153 2190 253 2262 Ite,
295 2192 494 2261 docete,
534 2191 654 2261 uiri,
692 2191 971 2244 Romanae
1010 2191 1236 2244 uulnera
1275 2190 1483 2244 suerint

276 2357 360 2397 737
396 2350 580 2396 Rutilos
614 2355 675 2394 ch
711 2376 758 2382 ——
794 2350 1003 2395 uerterat
1026 2354 1063 2392 V
1095 2351 1301 2395 uerteret
1323 2354 1425 2392 Lro
1513 2355 1597 2395 743
1626 2349 1760 2394 annis
1787 2355 1848 2394 eh

159 2416 245 2457 744
276 2425 399 2455 nunc
431 2437 487 2443 —
520 2410 664 2468 nunc]
696 2423 807 2453 num
840 2433 895 2441 —
927 2425 1039 2453 num
1072 2409 1296 2454 Heinsius
1426 2412 1510 2453 747
1543 2408 1782 2453 mirandus
1816 2415 1846 2452 0

155 2470 274 2515 belli
297 2471 625 2515 memorandus
656 2469 732 2514 uel
755 2467 867 2512 Belo
894 2468 1267 2511 adnumerandus
1286 2468 1511 2512 Heinsius
1574 2472 1658 2512 748
1677 2467 1761 2513 Est
1775 2473 1847 2511 LV

155 2529 216 2574 Et
246 2534 314 2573 ΕΟ
446 2532 530 2574 750
561 2528 714 2573 baetis
746 2531 814 2569 ΕΟ
861 2526 982 2571 betis
1015 2531 1052 2569 V
1099 2526 1253 2571 bethis
1283 2531 1315 2568 1.
1454 2530 1537 2571 751
1572 2528 1758 2582 Aequat
1789 2532 1848 2571 eh

158 2593 242 2633 752
276 2589 460 2633 ablatus
494 2592 564 2630 OV
613 2586 783 2632 ablatis
816 2590 883 2628 LF
1037 2590 1121 2630 755
1160 2585 1365 2641 tegmine
1407 2589 1437 2628 0
1591 2589 1676 2630 757
1708 2585 1845 2630 Prae-

158 2647 347 2690 strinxit
370 2648 592 2701 Lefebure
670 2650 754 2691 760
786 2646 899 2711 tunc
923 2649 1031 2687 LFV
1062 2659 1182 2688 nunc
1210 2649 1240 2687 0
1272 2649 1371 2689 tum
1395 2645 1536 2711 uulqo
1615 2649 1696 2689 761
1723 2658 1847 2693 uana

156 2705 279 2749 inter
323 2706 515 2771 cornua]
564 2719 606 2750 u.
649 2704 677 2749 i.
719 2703 926 2748 carmina
966 2703 1149 2749 Gronov
1203 2718 1248 2747 u.
1288 2703 1318 2747 i
1359 2701 1558 2748 crimina
1602 2704 1678 2748 uel
1722 2717 1844 2748 uano

158 2763 400 2808 conamine
431 2765 506 2809 uel
536 2778 579 2809 11.
614 2762 868 2808 certamine
892 2763 1187 2819 Dausqueius
1229 2775 1353 2806 uana
1382 2763 1505 2806 inter
1535 2762 1687 2818 iurgia
1711 2762 1844 2807 Liui-

155 2824 287 2868 neius
318 2827 359 2867 et
391 2823 544 2867 Baoth
576 2824 736 2879 probb.
769 2822 962 2880 Bentley
1001 2826 1040 2865 et
1072 2821 1232 2874 Blass,
1279 2822 1356 2865 sed
1395 2822 1452 2875 cf.
1486 2834 1660 2866 cornua
1694 2821 1845 2866 tollere

156 2883 209 2926 in
240 2883 453 2938 aliquem,
486 2895 661 2926 cornua
691 2895 877 2936 sumere,
907 2894 943 2925 c.
978 2881 1204 2925 obuertere
1236 2880 1382 2924 alicui
1413 2881 1594 2936 aliaque
1624 2880 1674 2924 id
1703 2892 1844 2936 yenus

158 2945 242 2986 763
276 2941 441 2984 docere
476 2944 502 2981 s
