1988 3190
650 133 1013 180 PUNICORUM
1041 134 1224 178 LIBER
1253 133 1397 179 XVII.
1759 135 1866 189 163

178 270 480 326 Certabant
518 288 681 324 rauco
719 270 1035 324 resonantia
1073 272 1336 340 tympana
1374 270 1551 340 pulsu,

180 344 538 415 Semiuirique
577 344 744 415 chori,
782 345 1001 413 gemino
1042 345 1133 413 qui
1172 343 1450 414 Dindyma
1489 347 1674 398 monte
1812 359 1868 399 20

179 419 346 474 Casta
384 421 583 489 colunt,
622 420 715 488 qui
753 418 981 472 Dictaeo
1020 418 1356 472 bacchantur
1394 419 1451 471 in
1491 421 1667 489 antr0,
1695 476 1698 479 Α

179 493 386 564 Quique
424 493 586 547 Idaea
623 493 756 564 iuga
794 495 849 546 et
888 493 1040 546 lucos
1078 511 1280 547 nouere
1321 492 1548 546 silentis,

179 567 300 621 Hos
339 568 482 621 inter
520 566 767 620 fremitus
808 585 870 620 ac
908 566 1055 621 laeto
1095 569 1225 620 uota
1264 567 1505 620 tumultu

182 639 441 695 Substitit
479 641 724 694 adductis
763 659 992 695 renuens
1032 641 1320 710 procedere
1358 640 1554 694 uinclis

176 714 340 769 Sacra
378 716 514 768 ratis
555 715 853 784 subitisque
892 715 1047 768 uadis
1087 714 1384 768 immobilis
1425 714 1615 768 haesit.
1806 727 1863 769 25

175 789 314 843 Tum
353 807 533 860 puppe
574 807 601 841 e
640 789 818 842 media
858 807 1056 858 magno
1097 790 1330 842 clamore
1370 789 1645 842 sacerdost

178 862 417 917 ‘Parcite
456 863 681 933 pollutis
723 863 1040 933 contingere
1079 863 1297 916 uincula
1334 863 1535 932 palmis

173 936 251 990 Et
262 937 453 1007 procul
466 938 608 1005 hinc,
622 955 831 1008 mone0‚
845 937 1036 1006 procul
1049 936 1188 1006 hinc,
1206 955 1572 1007 quaecumque
1587 937 1867 1006 profanae,

174 1009 336 1064 Ferte
377 1011 577 1082 gradus
616 1029 715 1064 nec
754 1030 853 1064 uos
895 1013 1046 1064 casto
1086 1012 1308 1064 miscete
1348 1011 1541 1081 labori,

176 1084 319 1137 Dum
359 1085 492 1138 satis
533 1087 616 1138 est
655 1085 928 1138 monuisse
967 1085 1113 1138 deae.
1175 1085 1318 1154 quod
1358 1085 1405 1137 si
1436 1103 1543 1154 qua
1574 1084 1769 1154 pudica
1807 1098 1864 1138 30

177 1157 361 1212 Mente
399 1159 563 1229 ualet,
602 1159 647 1211 si
686 1177 793 1228 qua
830 1159 1006 1211 illaesi
1047 1159 1152 1212 sibi
1192 1159 1434 1228 corporis
1475 1162 1622 1212 astat

175 1231 420 1302 Conscia,
457 1233 546 1286 uel
588 1233 705 1286 sola
744 1233 936 1286 subeat
974 1232 1066 1302 pia
1105 1251 1329 1286 munera
1370 1231 1593 1286 dextra?

247 1305 366 1373 Hic,
403 1307 582 1375 prisca
620 1307 817 1360 ducens
858 1306 1178 1361 Clausorum
1219 1308 1286 1359 ab
1328 1306 1536 1376 origine
1574 1324 1787 1375 nomen,

176 1378 416 1449 Claudia,
454 1398 565 1433 non
604 1398 776 1449 aequa
814 1380 1006 1449 populi
1044 1380 1187 1433 male
1227 1379 1428 1433 credita
1465 1379 1630 1449 fama,

174 1452 239 1506 In
276 1453 501 1522 puppim
540 1454 713 1507 uersis
753 1453 1059 1523 palmisque
1100 1453 1372 1523 oculisque
1411 1452 1681 1522 profatur:
1805 1466 1863 1507 35

176 1525 531 1580 ‘Caelicolum
570 1527 830 1597 genetriX,
868 1546 1083 1597 numen,
1123 1527 1265 1597 quod
1303 1528 1528 1583 numina
1566 1527 1725 1581 nobis

174 1598 382 1654 Cuncta
422 1619 586 1671 creaS,
626 1601 776 1654 cuius
816 1602 995 1670 proles
1034 1605 1342 1670 terramque
1381 1601 1690 1670 fretumque

175 1672 467 1744 Sideraque
508 1679 562 1727 et
600 1676 775 1728 manis
813 1692 1103 1744 regnorum
1144 1678 1291 1728 sorte
1333 1675 1653 1745 gubernant,

173 1745 230 1800 Si
268 1753 517 1801 nostrum
554 1750 701 1802 nullo
742 1749 1008 1802 uiolatum
1049 1752 1131 1802 est
1170 1749 1391 1802 crimine
1433 1766 1644 1817 corpuS,

174 1821 369 1892 Testis,
407 1822 546 1887 diua,
585 1822 711 1875 ueni
750 1827 804 1876 et
843 1822 990 1876 facili
1029 1841 1115 1876 me
1155 1823 1379 1876 absolue
1419 1820 1639 1876 carina.'
1801 1836 1860 1878 40

173 1894 310 1948 Tum
351 1914 537 1949 secura
575 1899 722 1965 capit
759 1895 967 1967 funem3
1004 1896 1359 1965 fremitusque
1399 1897 1615 1948 leonum

170 1967 365 2022 Audiri
396 1970 546 2023 uisus
588 1971 786 2039 subito,
826 1974 881 2023 et
920 1970 1174 2041 grauiora
1211 1989 1308 2040 per
1349 1970 1494 2023 auris

170 2041 337 2096 Nulla
373 2044 531 2113 pulsa
570 2063 733 2097 manu
774 2047 1068 2098 sonuerunt
1105 2048 1368 2114 tympana
1407 2044 1577 2097 diuae.

169 2114 363 2169 Fertur
401 2136 574 2187 prona
611 2118 744 2170 ratis
770 2148 840 2156 —
864 2122 1056 2171 uentos
1094 2118 1376 2186 impellere
1416 2117 1600 2171 credas
1627 2147 1696 2156 -—-

173 2188 483 2260 Contraque
522 2191 775 2244 aduersas
817 2191 1098 2245 ducentem
1137 2191 1420 2259 praeuenit
1458 2191 1646 2245 undas,
1802 2204 1859 2244 45

170 2263 462 2333 Extemplo
502 2265 675 2318 maior
714 2264 919 2318 cunctis
961 2283 1083 2334 spes
1122 2267 1344 2333 pectora
1375 2265 1577 2317 mulcet

171 2336 363 2390 Finem
405 2337 568 2390 armis
608 2338 826 2390 tandem
863 2337 1132 2407 finemque
1171 2338 1354 2390 uenire
1394 2337 1623 2407 periclis

246 2410 370 2479 Ipse
411 2411 586 2463 alacer
625 2409 804 2464 Sicula
845 2411 1122 2465 discedens
1164 2409 1345 2481 Scipio
1386 2415 1531 2463 terra

174 2481 478 2536 Abscondit
515 2484 625 2536 late
664 2485 937 2553 propulsis
976 2485 1247 2555 puppibus
1288 2503 1502 2553 aequor,

292 2644 344 2684 21
393 2640 563 2700 Casta]
607 2641 775 2688 Lustra
866 2644 957 2689 lass
1004 2670 1060 2677 —
1107 2642 1324 2702 Dictaeo]
1374 2643 1586 2688 Rhoeteo
1630 2643 1858 2691 Schrader

171 2703 228 2743 23
260 2699 377 2757 Hos]
410 2700 507 2744 Nos
538 2706 570 2743 1.
654 2706 711 2746 25
744 2718 797 2747 su
831 2703 980 2760 itique
1010 2708 1043 2745 L
1134 2707 1191 2747 30
1224 2701 1427 2747 munisse
1456 2707 1494 2745 V
1585 2706 1643 2748 34
1673 2703 1795 2747 male
1829 2709 1856 2747 8

169 2759 296 2802 mala
328 2760 392 2803 ed.
426 2758 559 2805 Rom.
591 2765 618 2804 1
651 2762 857 2819 aliaeque
887 2788 943 2794 —
975 2774 1068 2805 non
1116 2775 1293 2816 aequae
1339 2775 1382 2817 p.
1427 2760 1550 2806 male
1598 2776 1659 2807 cr.
1698 2762 1855 2806 famae

170 2817 396 2862 Heinsius
456 2818 630 2875 populo
683 2821 809 2864 mala
851 2833 913 2866 cr.
957 2820 1150 2876 Hoeufft
1191 2822 1245 2866 in
1291 2820 1439 2866 Peric.
1480 2822 1579 2866 crit.
1620 2822 1685 2867 ed.
1731 2825 1856 2867 1808

150 2881 228 2924 ,38
263 2876 424 2921 Sidera
456 2880 526 2919 ΟΥ
559 2903 615 2911 —-
646 2891 789 2936 regno
822 2882 1037 2925 consorte
1068 2880 1220 2926 Barth
1399 2885 1454 2924 42
1487 2879 1611 2925 auris
1645 2885 1670 2924 Β
1717 2893 1855 2925 auras

170 2936 310 2994 uulgo
357 2948 468 2981 aera
498 2936 724 2983 Heinsius

1412 3012 1499 3057 11*
