1988 3190
124 136 196 190 52
786 131 903 176 sim
933 130 1162 177 ITALIGI

124 271 273 327 Nam
311 274 602 341 postquam
643 267 898 322 Oenotris
936 267 1187 321 fundauit
1225 267 1425 320 finibus
1463 266 1669 337 urbem,

125 346 309 418 Aeger
348 345 551 414 delicti,
590 341 889 413 Phrygium
928 341 1144 411 placare
1184 341 1409 395 colendo

125 419 346 475 Numen
384 422 440 472 et
477 418 681 472 Iliacos
721 419 882 487 parat
921 435 1143 469 exorare
1183 419 1409 485 penatis

124 494 325 565 Ingens
365 494 476 546 iam
513 492 783 562 templum
821 491 968 544 celsa
1007 490 1269 561 surgebat
1304 491 1361 543 in
1401 507 1538 559 arce,

126 568 564 623 Laomedonteae
606 566 760 618 sedes
801 566 1021 636 ingrata
1059 563 1359 618 Mineruae:
1765 573 1822 616 55

128 641 265 696 Cum
305 641 514 695 medios
553 641 697 693 inter
737 657 959 692 somnos
1000 639 1275 708 altamque
1315 637 1555 708 quietem

126 715 244 770 Nec
283 717 458 770 celata
497 715 653 767 deam
686 717 741 766 et
779 713 1042 766 minitans
1082 712 1330 766 Tritonia
1367 712 1548 781 uirgo:

131 789 301 844 “Non
337 790 488 859 haec,
527 787 750 858 Tydide,
787 790 978 840 tantae
1016 805 1116 857 pro
1156 786 1333 840 laudis
1371 786 1577 840 honore

126 864 315 934 Digna
351 882 532 934 paraS‚
571 881 680 915 non
722 860 1009 931 Garganus
1050 879 1149 915 nec
1188 861 1406 914 Daunia
1442 860 1607 913 tellus

126 938 411 993 Debentur
447 937 626 990 nobis,
690 954 887 1005 quaere
926 937 983 988 in
1021 935 1385 989 Laurentibus
1426 935 1588 1000 aruis,
1769 946 1825 986 60

130 1013 237 1076 Qui
274 1030 419 1066 nunc
457 1010 636 1081 prima
675 1010 859 1063 locant
899 1010 1138 1063 melioris
1179 1009 1394 1063 moenia
1434 1008 1646 1062 Troiae.

127 1087 250 1140 Huc
288 1087 459 1140 uittas
499 1088 815 1153 castumque
854 1083 996 1137 refer
1032 1084 1308 1153 penetrale
1346 1079 1689 1153 parentum.''

129 1160 263 1224 Quis
301 1159 547 1228 trepidus
587 1159 812 1211 monitis
855 1157 1110 1212 Saturnia
1147 1175 1318 1228 regna
1357 1157 1607 1226 capessit.

128 1235 246 1289 Iam
285 1234 470 1303 Phryx
510 1233 777 1286 condebat
815 1231 1045 1284 Lauinia
1078 1231 1346 1301 Pergama
1384 1231 1559 1284 uictor

134 1309 408 1378 Armaque
448 1306 707 1360 Laurenti
743 1305 950 1377 figebat
989 1305 1153 1359 Troia
1190 1307 1327 1359 luco,
1770 1316 1827 1357 65

130 1382 340 1437 Uerum
378 1381 473 1435 ubi
511 1380 780 1451 Tyrrheni
818 1383 1139 1450 peruentum
1177 1380 1246 1433 ad
1283 1378 1524 1432 fluminis
1562 1377 1734 1432 undas

133 1456 433 1525 Castraque
472 1455 706 1525 Tydides
746 1455 933 1524 posuit
970 1453 1242 1524 fulgentia
1280 1454 1417 1523 ripa,

131 1530 437 1584 Priamidae
476 1530 805 1582 intremuere
845 1531 1009 1582 metu,
1070 1531 1203 1598 tum,
1241 1527 1474 1598 pignora
1511 1525 1662 1595 pacis

131 1604 500 1658 Praetendens
543 1604 734 1656 dextra
771 1622 981 1656 ramum
1023 1602 1264 1656 canentis
1305 1601 1496 1671 oliuae,

137 1678 226 1733 Sic
266 1697 421 1732 orsus
461 1677 642 1730 Dauni
682 1695 850 1747 gener
888 1677 1033 1729 inter
1072 1694 1352 1730 murmura
1391 1674 1678 1728 Teucrum:
1773 1686 1830 1727 70

138 1752 344 1822 “Pone,
382 1751 727 1820 Anchisiade,
766 1769 1034 1803 memores
1073 1751 1289 1819 irasque
1328 1751 1635 1818 metusque3

138 1826 405 1895 Quicquid
445 1825 513 1878 ad
551 1824 743 1877 Idaeos
783 1825 1065 1877 Xanthum
1107 1822 1495 1891 Simoentaque
1533 1821 1693 1874 nobis

136 1899 415 1970 Sanguine
457 1898 710 1951 sudatum
744 1896 1047 1967 Scaeaeque
1087 1897 1154 1949 ad
1193 1896 1385 1949 limina
1422 1899 1628 1966 portae,

134 1974 298 2027 Haud
336 1975 585 2026 nostrum
627 1975 732 2041 est3
773 1989 932 2041 egere
971 1972 1058 2024 dei
1096 1971 1364 2041 duraeque
1405 1987 1635 2024 sorores,

133 2046 296 2101 Nunc
336 2064 453 2117 age,
485 2045 629 2115 quod
663 2048 927 2115 superest,
959 2064 1053 2099 cur
1083 2063 1195 2098 non
1225 2044 1559 2112 melioribuS,
1599 2044 1735 2113 aeui,
1775 2055 1830 2098 75

136 2122 398 2174 Ducimus
440 2119 733 2189 auspiciis?
784 2119 1003 2173 dextras
1042 2119 1331 2190 iungamus
1370 2117 1606 2171 inermis,

139 2195 414 2264 FoederiS‚
454 2212 537 2263 en,
575 2194 707 2247 haec
746 2194 905 2246 testis
946 2192 1105 2247 erit.’'
1160 2193 1481 2261 ueniamque
1520 2194 1770 2262 precatus

137 2269 431 2322 Troianam
465 2271 707 2321 ostentat
745 2268 971 2335 trepidis
1012 2268 1076 2320 de
1114 2285 1296 2336 puppe
1336 2266 1655 2321 Mineruam.

137 2343 288 2396 Haec
328 2360 490 2395 ausos
530 2339 713 2394 Celtas
754 2341 1052 2411 irrumpere
1091 2340 1305 2393 moenia
1343 2339 1550 2392 Romae

140 2416 420 2486 Corripuit
457 2416 567 2468 leto
607 2433 778 2485 neque
816 2418 901 2468 tot
941 2416 1005 2467 de
1045 2414 1267 2467 milibus
1307 2432 1474 2466 unum
1727 2457 1731 2461 .
1774 2425 1831 2466 80

138 2490 384 2557 Ingentis
424 2490 614 2559 populi
644 2489 854 2560 patrias
895 2488 1101 2542 dimisit
1141 2489 1208 2541 ad
1247 2486 1404 2541 aras?

200 2692 213 2704 ,
262 2654 317 2693 51
341 2650 466 2694 Nam
484 2654 580 2693 Ghs
614 2650 705 2694 Sed
722 2650 876 2706 uulyo,
895 2651 1014 2708 quod
1026 2650 1155 2705 prob.
1174 2648 1503 2693 Drakenborch
1569 2651 1623 2692 61
1649 2646 1833 2691 meliori

142 2708 368 2753 Heinsius
430 2713 484 2753 62
518 2708 665 2754 uittas
691 2712 961 2765 castumque
986 2714 1059 2751 cm
1082 2708 1175 2765 Ep.
1200 2711 1262 2752 38
1284 2706 1432 2751 intras
1458 2708 1730 2762 castumque
1760 2709 1832 2749 ΙΝ

142 2767 292 2811 intras
340 2769 636 2825 castrumque
667 2773 736 2811 ΕΟ
949 2773 1003 2813 67
1044 2769 1087 2812 h.
1119 2782 1166 2813 u.
1205 2768 1338 2812 uncis
1382 2767 1571 2811 inclusit
1607 2765 1834 2810 Heinsius

143 2831 199 2871 68
231 2825 428 2883 pignore
461 2830 522 2869 ch
626 2831 678 2872 71
715 2825 999 2871 Anchisiada
1030 2826 1257 2872 Heinsius
1357 2830 1410 2869 72
1445 2824 1767 2879 Simoentaque
1797 2828 1833 2866 Ε·

145 2883 502 2944 simeonthaque
534 2891 566 2927 L
615 2886 937 2943 simeontaque
971 2890 1041 2929 OV
1217 2890 1271 2929 76
1306 2883 1505 2929 inermes
1537 2888 1610 2926 cm
1639 2883 1733 2940 Ep.
1767 2887 1831 2928 62

147 2948 202 2989 78
233 2942 446 3001 trepidus
479 2948 539 2986 oh
660 2949 714 2989 81
749 2959 854 2990 aras
887 2950 947 2988 ch
