1988 3190
217 118 285 172 18
880 117 995 163 SILI
1026 117 1248 164 ITALICI

211 253 489 308 Aonidum
528 254 713 323 turba,
753 256 929 306 mater
968 253 1168 307 mirata
1207 257 1504 308 canentem.

214 327 343 382 Non
382 328 480 382 illo
519 327 776 398 Pangaea
813 327 945 398 iuga
980 330 1080 381 aut
1115 326 1420 382 Mauortius
1459 328 1724 399 Haemu8‚

211 400 340 455 Non
377 402 474 455 illo
514 402 828 455 modulante
867 419 1031 455 sonos
1073 402 1226 455 stetit
1264 402 1460 456 ultima
1498 402 1728 471 Thrace3
1820 416 1907 457 465

212 475 348 530 Cum
390 476 545 529 siluis
584 493 783 529 uenere
823 475 994 545 ferae,
1034 493 1158 529 eum
1196 475 1475 529 montibus
1517 494 1720 531 amn-es,

209 549 507 603 Immemor
547 553 602 603 et
641 549 812 603 dulcis
843 549 964 602 nidi
1001 549 1292 620 positoque
1331 551 1520 603 uolatu

211 622 341 677 Non
380 627 532 677 mota
569 623 811 677 uolucris
850 623 1072 693 captiua
1110 623 1367 693 pependit
1403 624 1462 676 in
1502 623 1705 679 aethra.

213 697 358 761 Quin
396 698 578 768 etiam,
617 697 900 769 Pagasaea
939 699 1074 751 ratis
1115 715 1238 750 eum
1276 698 1493 751 caerula
1523 728 1598 737 —
1627 698 1868 751 nondum

211 769 450 842 Cognita
487 775 735 825 terrenae
767 802 838 810 —
871 775 1187 841 pontonque
1225 771 1431 825 intrare
1469 776 1716 843 negaret,
1819 785 1907 827 470

210 845 298 899 Ad
337 846 564 916 puppim
605 864 813 915 sacrae,
853 846 1062 899 cithara
1103 846 1374 916 eliciente,
1414 847 1627 899 carinae

209 919 520 974 Adductum
561 924 726 974 cantu
765 920 916 973 uenit
956 938 1119 973 mare.
1194 920 1401 990 pallida
1439 937 1610 991 regna

211 994 493 1048 Bistonius
532 998 687 1052 uates
726 994 1066 1063 flammisque
1109 992 1418 1047 Acheronta
1458 996 1743 1047 sonantem

209 1068 457 1122 Placauit
494 1070 703 1137 plectro
745 1072 801 1121 et
838 1068 958 1120 fixit
995 1068 1296 1120 reuolubile
1338 1084 1542 1121 sax-um.

210 1141 255 1195 Ο
295 1142 443 1196 dirae
483 1140 744 1196 Ciconum
783 1145 985 1194 matres
1027 1140 1310 1211 Geticique
1346 1141 1559 1195 furores
1818 1153 1906 1195 475

208 1215 282 1269 Et
321 1217 577 1270 damnata
616 1217 729 1269 deis
771 1216 1055 1284 Rhodope!
1094 1215 1225 1269 tulit
1264 1234 1360 1268 ora
1397 1215 1616 1268 reuulsa

208 1290 274 1342 In
313 1293 566 1361 pontum,
602 1291 738 1358 ripis
776 1293 1005 1359 utraque
1046 1289 1424 1359 sequentibuS‚
1463 1289 1695 1342 Hebrus.

210 1363 349 1417 Tum
391 1382 627 1434 quoque,
667 1382 789 1417 cum
829 1363 1008 1434 rapidi
1048 1366 1210 1433 caput
1249 1382 1281 1416 a
1321 1362 1527 1417 ceruice
1567 1362 1802 1416 recisum

208 1437 501 1491 Portarent
539 1438 735 1492 fluctus
745 1481 759 1508 ‚
799 1438 980 1491 subito
1022 1438 1286 1490 emicuere
1323 1455 1421 1506 per
1457 1436 1629 1490 undas

211 1511 299 1566 Ad
338 1530 583 1565 murm-ur
621 1516 739 1566 cete
778 1514 898 1565 toto
940 1511 1243 1565 exultantia
1281 1509 1487 1580 ponto?
1816 1522 1904 1563 480

212 1584 299 1639 Sic
338 1588 468 1640 tunc
506 1585 714 1639 Pierius
755 1586 916 1639 bellis
959 1586 1154 1639 durata
1192 1585 1438 1638 uirorum

211 1659 440 1713 Pectora
480 1658 723 1713 Castalio
764 1659 1053 1729 frangebat
1092 1659 1331 1713 carmine
1369 1658 1653 1711 Teuthras,

283 1734 498 1787 Interea
535 1734 753 1804 placida
792 1734 1093 1787 attulerant
1129 1733 1240 1786 iam
1278 1733 1499 1786 flamina
1537 1732 1697 1785 terris

210 1806 501 1876 Magonem
542 1807 775 1876 Libycis,
852 1809 1004 1860 lauro
1045 1806 1300 1859 redimita
1342 1806 1563 1859 subibat

211 1880 445 1950 Optatos
484 1881 683 1950 puppis
722 1884 935 1950 portuS‚
974 1881 1276 1950 pelagoque
1316 1879 1593 1934 micabant
1818 1891 1904 1933 485

211 1953 445 2024 Captiua
485 1973 638 2008 arma
675 1955 864 2023 procul
906 1955 1050 2008 celsa
1087 1953 1355 2023 fulgentia
1392 1971 1569 2023 prora.

209 2028 302 2095 At,
343 2029 533 2098 patulo
577 2046 805 2099 surgens
843 2028 953 2081 iam
994 2028 1194 2082 dudum
1235 2046 1299 2080 ex
1338 2045 1594 2097 aequore,
1631 2027 1742 2080 late

209 2100 475 2155 Nauticus
515 2102 781 2171 implebat
817 2103 1132 2156 resonantia
1173 2102 1334 2155 litora
1373 2102 1600 2169 clamor,

211 2176 301 2243 Et,
342 2176 502 2228 simul
542 2176 787 2229 adductis
826 2195 1083 2246 percussa
1123 2177 1190 2229 ad
1228 2179 1452 2245 pectora
1490 2175 1695 2244 tonsiS‚

212 2247 453 2303 Centeno
493 2249 699 2303 fractus
741 2251 1029 2319 spumabat
1069 2250 1293 2303 uerbere
1330 2253 1545 2318 pontus.
1814 2260 1902 2301 490

332 2518 419 2559 466
452 2513 658 2559 fontibus
691 2513 919 2559 Schrader
1061 2517 1148 2558 468
1179 2526 1311 2557 mora
1342 2518 1368 2556 8
1511 2515 1599 2557 469
1629 2523 1838 2580 pegasea
1864 2515 1904 2554 V

214 2586 450 2630 pegasaea
479 2577 581 2616 Lro
674 2577 762 2618 470
793 2575 1007 2618 terrenae
1039 2577 1073 2615 F
1118 2574 1299 2617 terrene
1330 2575 1438 2615 mv
1482 2569 1732 2628 terrigems
1762 2571 1903 2629 uulyo

212 2630 412 2676 terrenis
459 2632 685 2678 Heinsius
732 2657 787 2665 —
834 2634 1104 2690 pontonque
1150 2631 1400 2676 Liuineius
1443 2634 1485 2676 et
1526 2630 1798 2675 Lachmann
1842 2630 1905 2674 ad

214 2691 354 2735 Lacr.
395 2690 448 2735 V.
482 2694 574 2738 507
611 2693 848 2749 pontoque
880 2697 907 2734 8
939 2716 994 2723 -
1027 2693 1221 2747 negaret
1251 2691 1499 2735 Liuineius
1529 2693 1570 2734 et
1598 2688 1732 2734 Koch
1755 2701 1804 2744 p.
1836 2690 1904 2732 28

212 2751 441 2807 negarent
474 2754 500 2792 S
631 2755 718 2794 473
758 2749 996 2795 Bistonius
1029 2753 1100 2792 ΟΥ
1145 2748 1419 2794 Bisthonius
1448 2753 1516 2791 ΒΕ·
1647 2751 1735 2791 477
1773 2746 1901 2790 utra.-

213 2821 303 2865 que
336 2813 363 2852 S
408 2809 641 2865 utrimque
670 2811 812 2868 milyo
844 2834 899 2842 -
933 2808 1235 2865 querentibus
1268 2808 1493 2854 Schrader
1611 2809 1699 2850 478
1718 2805 1901 2872 ‘rescis-

209 2882 312 2912 sum
345 2867 572 2912 Schrader
692 2873 775 2913 481
816 2870 929 2913 tunc
953 2873 1021 2911 1AE
1062 2871 1163 2913 tum
1186 2872 1224 2910 V
1258 2870 1310 2912 tu
1335 2872 1366 2910 0
1487 2868 1574 2910 483
1606 2864 1785 2922 placita
1814 2877 1901 2920 ap-

207 2927 427 2983 pulerant
460 2927 687 2972 Heinsius
720 2954 773 2959 ——
808 2926 969 2986 terris]
1001 2928 1092 2973 teis
1122 2932 1157 2969 Ὲ
1193 2928 1270 2982 (cf.
1296 2926 1418 2970 XII.
1444 2927 1525 2980 90)
