2028 3190
255 123 365 177 190
703 122 1093 169 ARGUMENTA
1123 122 1453 169 LIBRORUM.

254 260 356 303 tum
397 258 711 314 Syracusas
751 258 881 302 terra
915 256 1129 314 marique
1173 259 1420 315 oppugnat
1462 262 1722 304 178—191.
1778 257 1959 304 auxilia

255 319 653 374 Syracusanorum
673 321 920 362 192—247.
953 317 1270 362 Romanorum
1287 317 1399 363 socii
1418 321 1669 364 248—257.
1708 317 1953 376 Carthagi-

250 377 484 423 niensium
517 376 631 422 socii
663 380 912 422 258-276.
961 376 1357 434 Syracusanorum
1389 376 1537 422 animi
1560 380 1810 424 277-291.
1855 392 1953 424 om-

249 437 330 482 nia
368 437 686 482 Romanorum
725 435 924 481 consilia
968 435 1266 481 Archimedis
1306 437 1407 481 arte
1447 437 1509 481 ad
1546 436 1734 483 irritum
1774 437 1953 482 cadunt

252 499 503 541 292—352.
546 509 706 553 pugna
728 495 911 541 naualis
935 498 1186 543 353—579.
1239 495 1515 553 pestilentia
1547 498 1652 542 orta
1671 496 1743 542 rei
1772 509 1953 543 moram

253 555 388 601 affert
419 559 670 601 580—617.
725 556 919 602 tandem
948 554 1061 601 urbs
1093 558 1389 614 expugnatur
1421 560 1673 602 618—684.

370 645 534 690 Liber
563 647 681 690 XV.
717 644 894 691 Senatu
924 644 1230 702 deliberante,
1263 644 1340 690 cui
1369 645 1618 703 imperium
1649 644 1701 689 in
1722 644 1957 704 Hispania

105 713 137 737 a.
155 705 231 738 211.
255 704 486 763 tradatur,
518 705 568 750 P.
595 703 894 750 Cornelius
935 704 1150 762 Scipio,
1190 704 1348 750 Publii
1377 704 1523 762 filius,
1556 705 1783 763 primum,
1813 718 1872 750 ne
1902 705 1954 750 id

250 765 404 821 petat,
445 763 655 809 consiliis
688 766 996 822 cognatorum
1028 765 1290 809 deterretur
1323 769 1482 810 1-17,
1534 767 1637 810 tum
1666 762 1830 809 iuueni
1859 765 1952 810 Uo-

249 824 408 880 luptas
442 825 490 868 et
519 823 680 869 Uirtus
713 825 829 869 deae
861 824 1093 882 apparent
1125 827 1345 868 18-128.
1399 824 1496 869 iam
1526 823 1728 869 Uirtutis
1756 823 1952 869 monitis

248 882 567 929 inflammatus
612 883 861 941 imperium
906 883 1031 941 petit
1070 885 1118 927 et
1165 883 1320 928 omine
1367 883 1524 928 fausto
1573 883 1735 928 oblato
1775 881 1953 940 accipit

253 946 501 989 129—151.
558 943 712 988 classe·
738 943 1051 988 Tarraconem
1083 943 1339 1000 appellitur
1365 946 1613 987 152—179.
1654 941 1836 1000 species
1866 955 1949 999 pa-

100 1025 133 1048 a.
151 1017 227 1050 210.
251 1001 398 1046 rentis
415 1016 499 1059 per
516 1016 730 1047 somnum
749 1002 910 1047 oblata
927 1016 1032 1047 eum
1049 1003 1224 1058 monet,
1241 1004 1295 1047 ut
1311 1002 1344 1048 C
1356 1000 1950 1059 arthaginemNouam

251 1064 506 1119 expugnet3
540 1061 590 1105 id
620 1061 807 1118 perficit
839 1065 1087 1106 180—250.
1138 1061 1307 1106 deinde
1338 1061 1562 1119 Neptuno
1596 1062 1645 1106 et
1673 1061 1776 1106 Ioui
1807 1060 1949 1106 sacri-

248 1120 376 1175 ficat,
426 1120 657 1166 militibus
698 1121 821 1166 dona
860 1121 966 1175 dat,
1003 1121 1230 1178 praedam
1269 1121 1460 1175 diuidit,
1515 1120 1746 1178 uirginem
1790 1118 1950 1165 iuueni
2022 1165 2028 1169 ,

247 1179 459 1237 Hispano
485 1193 703 1237 sponsam
727 1179 897 1238 reddit,
921 1180 1226 1235 quamobrem
1251 1194 1279 1224 a
1304 1179 1466 1224 Laelio
1490 1179 1705 1224 maximis
1729 1178 1949 1224 laudibus

69 1254 116 1296 (a.
135 1253 225 1296 214.)
252 1239 442 1284 effertur
473 1242 723 1283 251—285.
759 1264 814 1272 —
846 1238 1022 1283 bellum
1055 1240 1219 1283 contra
1248 1239 1604 1296 Philippum,
1634 1238 1948 1284 Macedonum

97 1323 129 1347 a.
148 1315 225 1347 209.
249 1311 424 1356 regem,
460 1301 647 1355 gestum
677 1301 928 1343 286-319,
970 1324 1024 1330 --
1069 1297 1378 1342 Tarentum
1409 1312 1438 1343 a
1468 1297 1617 1343 Fabio
1656 1298 1764 1342 dolo
1804 1310 1950 1355 expu-

99 1380 130 1404 α.
149 1375 224 1407 208.
250 1360 422 1415 gnatur
446 1362 696 1403 320—333.
744 1357 995 1402 Marcellus
1020 1359 1069 1402 et
1085 1356 1325 1414 Crispinus
1358 1358 1571 1402 consules
1602 1358 1662 1402 ab
1684 1357 1950 1402 Hannibale

68 1433 116 1471 ‘²‘
135 1435 230 1475 2⁰⁹⁰
251 1416 530 1522 ffffiffiss
551 1417 774 1522 Ἂᾶῗέὲῗ.
788 1419 1274 1521 ἳοζέ1ἓ3ῖῑῖῗηί8·3ῑ9
1288 1415 1882 1522 1³453⁸Pafi¹22dffii²i²1b
1892 1415 1950 1519 ἒξ

246 1492 703 1594 transgreditur-‚gut
741 1511 847 1580 c’um
884 1536 1028 1581 fratre
1061 1549 1110 1580 se
1151 1536 1408 1593 coniungat
1429 1510 1689 1581 ‘493—514.
1744 1490 1945 1592 maggus

247 1597 423 1640 Romae
455 1597 606 1641 terror
614 1613 631 1650 ,·
669 1596 819 1641 Italae
850 1594 1034 1640 telluris
1065 1594 1223 1652 imago
1258 1608 1342 1652 per
1374 1608 1590 1640 somnum
1622 1595 1670 1640 C.
1697 1593 1947 1640 Claudium

246 1655 497 1710 Neronem,
524 1654 605 1712 qui
628 1654 679 1700 in
703 1655 902 1700 Lucanis
935 1654 1159 1699 aduersus
1175 1654 1492 1699 Hannibalem
1524 1655 1680 1699 castra
1708 1654 1946 1711 posuerat,

246 1717 420 1770 monet,
452 1720 505 1760 ut
529 1714 601 1759 illi
633 1715 820 1759 obuiam
845 1715 924 1759 eat
947 1717 1197 1760 515—559.
1243 1715 1367 1759 Nero
1392 1727 1498 1758 cum
1523 1712 1705 1771 collega
1729 1713 1791 1758 M.
1809 1711 1947 1758 Liuio

97 1799 129 1823 a.
147 1791 222 1823 207.
249 1789 296 1819 se
329 1774 573 1832 coniungit
598 1778 848 1819 560—600.
911 1788 1070 1830 pugna
1103 1773 1163 1817 ad
1186 1772 1506 1818 Metaurum
1538 1773 1666 1817 facta
1689 1776 1939 1818 601-807.

246 1833 373 1878 Nero
404 1834 454 1878 in
485 1833 697 1879 Lucanos
729 1848 944 1878 reuersus
975 1832 1233 1877 Hannibali
1265 1833 1408 1889 caput
1438 1831 1748 1877 Hasdrubalis
1781 1832 1946 1876 hastae

247 1893 442 1937 infixum
474 1893 680 1938 ostendit
712 1897 961 1937 807—823.

366 1968 529 2011 Liber
558 1968 702 2010 XVI.
763 1966 1002 2010 Hannibal
1038 1965 1089 2008 in
1121 1964 1316 2010 Bruttiis
1360 1965 1574 2009 uersatur
1607 1969 1781 2011 1—22.
1837 1963 1946 2009 Car-

245 2026 568 2083 thaginienses
601 2039 657 2070 ex
688 2025 921 2083 Hispania
950 2024 1209 2082 pelluntur:
1250 2023 1391 2081 Mago
1424 2025 1575 2068 uictus
1608 2022 1944 2079 Carthaginem

67 2103 115 2143 (a.
134 2103 225 2141 208.)
249 2087 375 2143 fugit
406 2090 596 2131 25—26.
651 2085 819 2129 Hanno
852 2098 880 2129 a
913 2083 1129 2142 Scipione
1162 2083 1345 2141 capitur
1375 2086 1566 2128 28—77.
1619 2081 1944 2139 Hasdrubalis,
2026 2096 2028 2098 ·

96 2172 128 2194 a.
147 2164 224 2196 207,
249 2145 466 2203 Gisgonis
498 2144 606 2201 filii,
652 2144 882 2189 exercitus
924 2143 1109 2189 deletur
1141 2146 1361 2191 78—,114.
1410 2142 1739 2198 Masinissa,
1771 2139 1945 2186 Noma-

247 2206 359 2249 dum
389 2218 485 2260 rex,
518 2205 578 2249 ad
611 2204 878 2261 Scipionem
901 2202 1074 2248 transit
1108 2206 1355 2249 116-167,
1411 2201 1566 2259 Scipio
1599 2202 1647 2246 et
1675 2199 1944 2245 Hasdrubal
1964 2228 1990 2247 -r

247 2265 374 2322 apud
399 2264 735 2321 Syphacem,
767 2262 1096 2320 Massyliorum
1119 2276 1298 2320 regem,
1332 2261 1372 2306 is
1396 2261 1562 2306 foedus
1586 2274 1691 2305 cum
1716 2258 1942 2304 Romanis

246 2323 344 2380 icit,
378 2324 459 2368 sed
490 2325 656 2381 postea
685 2321 917 2380 prodigiis
956 2323 1157 2366 terretur
1190 2325 1439 2366 168—274.
1503 2319 1662 2377 Scipio
1693 2317 1743 2364 in
1773 2317 1943 2375 Hispa·
1979 2336 1983 2340 -

245 2382 374 2427 niam
405 2395 619 2427 reuersus
651 2383 786 2427 ludos
818 2381 1035 2426 funebres
1075 2381 1125 2424 in
1156 2382 1381 2426 honorem
1411 2380 1560 2437 patris
1590 2376 1840 2436 patruique
1870 2376 1941 2422 in-

97 2467 127 2490 a.
147 2459 224 2492 205,
250 2442 406 2486 stituit
438 2446 686 2487 275—591.
749 2443 851 2485 tum
880 2442 1078 2485 Romam
1109 2440 1346 2497 profectus
1378 2438 1539 2484 consul
1571 2439 1771 2492 creatur,
1803 2436 1941 2493 eique

244 2501 391 2546 Fabio
417 2502 720 2546 uehementer
753 2501 998 2545 resistente
1021 2499 1324 2557 permittitur,
1356 2500 1410 2542 ut
1442 2499 1491 2542 in
1512 2497 1720 2542 Africam
1750 2494 1942 2540 traiciat

246 2565 495 2606 592—700.
551 2600 556 2605 .

364 2637 527 2678 Liber
550 2636 726 2679 XVII.
775 2633 964 2691 Cybele,
996 2633 1046 2678 id
1071 2634 1194 2689 quod
1226 2631 1334 2677 libri
1367 2629 1586 2687 Sibyllini
1615 2641 1849 2684 monuere,
1883 2641 1939 2672 ex
2019 2645 2022 2682 3

245 2693 453 2751 Phrygia
477 2695 672 2739 Romam
705 2692 907 2738 aduecta
939 2706 968 2736 a
991 2692 1041 2737 P.
1061 2691 1279 2749 Scipione
1311 2689 1483 2734 Nasica
1517 2688 1772 2746 excipitur;
1803 2685 1940 2754 Clau·
2010 2726 2020 2751 s

95 2777 127 2801 a.
146 2769 222 2801 204.
246 2753 352 2797 diae
383 2753 613 2810 pudicitia
636 2752 836 2810 probata
861 2756 1018 2796 1-45.
1065 2751 1221 2808 Scipio
1247 2763 1275 2794 a
1300 2749 1459 2794 Sicilia
1482 2747 1531 2793 in
1547 2748 1753 2793 Africam
1775 2746 1939 2792 tralcit

243 2816 433 2858 46—58.
482 2812 800 2869 Syphacem
831 2811 1006 2855 frustra
1030 2810 1265 2865 admonet,
1295 2822 1353 2852 ne
1386 2807 1552 2852 foedus
1586 2822 1690 2852 cum
1714 2805 1934 2850 Romanis

242 2869 413 2914 initum
461 2872 669 2928 rumpat;
716 2872 817 2914 tum
874 2870 972 2914 eius
1020 2872 1174 2915 castra
1220 2868 1558 2920 incenduntur,
1604 2867 1703 2922 ipse
1751 2862 1938 2920 capitur

244 2933 464 2974 59—145.
526 2929 791 2974 Hasdrubal
825 2929 1154 2987 Carthaginem
1185 2927 1329 2984 fugit3
1373 2927 1499 2973 ciues
1530 2923 1847 2970 Hannibalem
1878 2935 1935 2966 ex
2003 2944 2028 2995 ‚3
