1988 3190
639 132 1002 180 PUNICORUM
1031 133 1214 179 LIBER
1243 134 1388 182 XVII.
1748 135 1855 189 167

162 269 348 324 Prima
384 270 440 324 in
481 268 785 339 cornipedis
826 269 965 323 sedit
1004 269 1340 339 spirantibus
1380 269 1591 341 ignem

159 344 398 399 Naribus
435 344 596 397 hasta
634 343 828 396 uolans
869 345 1142 413 erexitque
1183 362 1272 397 ore
1313 348 1535 398 cruento

163 417 589 488 Quadrupedem,
629 417 786 470 elatis
826 417 1132 487 pulsantem
1172 418 1409 471 calcibus
1452 437 1626 473 auras.
1766 432 1851 474 135

161 490 382 546 Corruit
420 509 576 561 asper
615 508 799 561 eqUUS,
837 491 1152 561 confixaque
1192 491 1410 561 cuspide
1450 493 1694 546 membra

158 565 281 619 Huc
318 566 451 620 illuc
488 567 713 635 iactanS,
750 569 1015 619 rectorem
1056 566 1291 634 prodidit
1322 566 1484 619 hosti.

157 638 429 694 Inuadunt
466 658 774 709 uanumque
814 639 976 710 fugae
1018 643 1178 709 atque
1220 640 1471 693 attollere
1509 640 1684 695 fessos

159 713 512 767 Annitentem
553 716 704 766 artus
745 717 998 767 reuocato
1040 732 1073 766 a
1111 713 1331 766 uulnere
1370 715 1479 767 telo
1765 727 1849 768 139

160 786 499 857 Corripiunt3
554 790 671 840 tum
710 786 891 840 uincla
930 788 1048 840 uiro
1098 788 1469 857 manicaeque,
1523 787 1853 861 pudendum,

159 861 379 931 Addita,
419 865 474 914 et
504 891 575 899 -—
608 862 912 929 exemplum
950 879 1057 914 non
1099 880 1359 930 umquam
1398 861 1563 914 fidere
1594 862 1751 916 laetis
1778 893 1843 902 —-

159 934 517 1005 Sceptriferas
558 938 679 988 arta
717 936 926 1003 palmas
966 935 1187 989 uinxere
1227 939 1432 988 catena.

159 1008 390 1062 Ducitur
430 1028 494 1062 ex
533 1010 643 1061 alto
684 1009 923 1062 deiectus
964 1009 1198 1062 culmine
1237 1010 1408 1078 regni,

159 1082 264 1145 Qui
303 1082 463 1136 modo
505 1082 605 1135 sub
638 1082 866 1152 pedibus
907 1085 1082 1136 terras
1125 1085 1179 1135 et
1220 1086 1430 1151 sceptra
1467 1085 1767 1153 patensque

157 1154 349 1210 Litora
389 1156 456 1210 ad
496 1154 695 1209 Oceani
735 1157 834 1209 sub
873 1158 1011 1208 nutu
1049 1156 1263 1209 uiderat
1303 1175 1518 1225 aequor.
1766 1170 1850 1211 145

158 1229 456 1283 Prostratis
497 1230 691 1300 opibus
732 1231 888 1300 regni
924 1229 1227 1283 Phoenissa
1266 1233 1542 1283 metuntur

158 1303 418 1374 Agmina,
458 1307 512 1357 et
553 1303 761 1356 inuisus
801 1304 967 1356 Marti
1004 1309 1274 1373 notusque
1312 1303 1567 1374 fugarum

157 1377 343 1430 Uertit
379 1381 537 1447 terga
576 1378 713 1430 citus
756 1377 1026 1430 damnatis
1064 1377 1379 1430 Hasdrubal
1420 1379 1583 1431 ausis,

236 1449 432 1504 Stabat
471 1450 762 1520 Carthago,
800 1452 1067 1504 truncatis
1107 1451 1340 1520 undique
1381 1451 1655 1522 membris,
1881 1502 1887 1508 .

158 1522 269 1577 Uni
309 1525 437 1577 nixa
475 1525 617 1594 uir03
654 1527 914 1593 tantoque
953 1524 1169 1595 fragore
1208 1528 1452 1577 ruentem
1763 1539 1849 1581 150

157 1597 436 1651 Hannibal
478 1598 690 1651 absenti
728 1598 1000 1651 retinebat
1037 1598 1253 1651 nomine
1294 1599 1506 1652 molem.

157 1670 223 1724 Id
262 1672 528 1741 reliquum
568 1671 742 1724 fessos
783 1673 900 1741 opis
941 1672 1234 1741 auxiliique
1274 1672 1413 1724 ciere

157 1744 360 1798 Rerum
402 1749 642 1798 extrema
679 1745 890 1816 iubent,
928 1745 1033 1798 huc
1073 1746 1363 1816 confugere
1402 1748 1679 1816 pauentes,

159 1819 455 1888 Postquam
497 1837 552 1872 se
594 1838 849 1888 superum
889 1819 1129 1873 desertos
1168 1820 1389 1873 numine
1429 1824 1668 1873 cernunt.

160 1891 278 1946 Nec
317 1911 489 1946 mora:
528 1894 788 1962 propulsa
827 1894 1040 1947 sulcant
1078 1894 1220 1946 uada
1260 1894 1405 1946 salsa
1445 1893 1643 1963 carina,
1764 1907 1848 1949 155

161 1965 265 2028 Qui
303 1971 559 2020 reuocent
598 1967 914 2036 patriaeque
953 1967 1134 2020 ferant
1173 1967 1430 2020 mandata
1469 1970 1766 2034 monenteS,

159 2039 242 2092 Ne
282 2040 462 2094 lentus
499 2041 681 2094 nullas
721 2040 904 2094 uideat
943 2040 1288 2110 Carthaginis
1327 2059 1493 2094 arces.

234 2112 440 2176 Quarta
479 2114 691 2167 Aurora
729 2117 900 2166 ratem
940 2113 1121 2168 Dauni
1161 2115 1446 2168 deuexerat
1485 2133 1624 2184 oraS,

159 2187 235 2239 Et
272 2187 387 2240 fera
426 2187 663 2240 ductoris
703 2188 1001 2240 turbabant
1042 2188 1252 2241 somnia
1289 2191 1541 2240 mentem.

157 2258 406 2330 Namque
447 2262 630 2329 grauis
672 2261 814 2314 curis
854 2261 1030 2330 carpit
1067 2262 1193 2313 dum
1232 2264 1391 2314 nocte
1431 2262 1682 2331 quietem,
1760 2275 1846 2316 160

161 2331 389 2386 Cernere
435 2333 765 2387 Flaminium
807 2333 1212 2403 Gracchumque
1261 2338 1315 2386 et
1362 2352 1576 2387 cernere
1615 2335 1848 2389 Paulum

159 2405 323 2459 Uisus
364 2411 479 2460 erat
520 2407 681 2460 simul
723 2409 979 2461 aduersos
1021 2408 1369 2461 mucronibus
1410 2409 1467 2459 in
1508 2426 1563 2461 se

283 2585 366 2626 137
399 2583 635 2626 uectorem
668 2582 891 2627 Heinsius
1014 2586 1099 2625 138
1131 2594 1395 2637 uanumque
1427 2580 1569 2637 fugae
1601 2582 1848 2628 Liuineius

158 2653 422 2696 uanamque
455 2640 615 2698 fugam
647 2645 674 2683 8
720 2641 826 2695 fort.
860 2639 1175 2696 clauduntque
1214 2641 1375 2696 fugam
1529 2645 1612 2685 139
1654 2641 1703 2745 a}
1743 2655 1768 2686 e
1807 2646 1847 2685 V

163 2702 250 2742 140
266 2701 377 2743 tunc
391 2702 460 2742 OV
472 2725 525 2731 -
537 2699 804 2755 pudendum
817 2699 1063 2744 Liuineius
1080 2699 1299 2756 pudenda
1312 2703 1338 2741 S
1362 2698 1607 2754 pudendae
1623 2699 1678 2745 Ge
1699 2702 1848 2746 larius

158 2757 405 2814 pudendae
427 2756 630 2802 Additae
654 2758 951 2815 Dausqueius
1029 2762 1110 2801 142
1136 2758 1327 2802 iunxere
1345 2761 1415 2800 ΟΥ
1498 2762 1582 2802 145
1605 2759 1684 2816 ad]
1710 2762 1758 2804 et
1775 2764 1846 2803 ov

162 2821 245 2860 147
279 2815 347 2873 et]
381 2817 431 2860 at
462 2817 613 2861 Barth
645 2843 700 2849 —-
732 2818 949 2873 fugarum
981 2820 1052 2859 ov
1094 2817 1347 2874 figurarum
1378 2821 1446 2858 ΒΕ·
1569 2821 1654 2862 150
1686 2818 1846 2862 innixa

159 2874 387 2919 Heinsius
573 2879 655 2919 151
704 2874 894 2919 numine
939 2875 1091 2920 Barth
1280 2878 1365 2920 155
1413 2874 1558 2935 salsa]
1604 2876 1728 2922 fulsa
1775 2881 1847 2920 ov

165 2938 248 2977 156
282 2933 522 2978 monentes
553 2938 660 2978 Lrv
707 2935 949 2979 mouentes
983 2938 1013 2977 0
1062 2933 1295 2978 monentis
1327 2934 1550 2981 Heinsius
