1988 3190
192 177 262 231 38
863 177 981 221 SILI
1010 177 1232 223 ITALICI

191 312 431 368 Ascraeo
470 313 685 367 famaue
731 312 880 367 seni.'
945 311 1033 366 Sic
1072 312 1344 383 PhoebuS,
1385 317 1438 367 et
1475 314 1653 369 Hosto

192 387 376 442 Ultrix
413 406 511 458 per
550 388 830 458 geminum
870 388 1195 440 transcurrit
1235 392 1448 458 tempus
1486 388 1747 443 harund0.

190 461 495 515 Uertuntur
533 461 746 515 iuuenis
789 480 917 515 casu
957 463 1208 530 perculsa
1246 480 1341 531 per
1381 479 1542 533 agros
1589 483 1594 486 ·
1796 477 1883 518 415

191 537 445 606 Agmina,
486 540 539 589 et
579 536 778 589 effusae
819 535 1023 605 pariter
1060 536 1192 589 dant
1230 539 1388 606 terga
1427 540 1690 591 cateruae.

190 609 330 663 Tum
370 613 540 680 pater,
581 609 767 663 audita
806 610 923 663 nati
962 628 1091 663 nece
1131 610 1380 664 turbidus
1421 610 1548 682 irae,

189 683 547 738 Barbaricum
581 687 743 754 atque
776 684 1012 737 immane
1047 701 1284 754 gemenS,
1319 685 1597 757 transfigit
1629 685 1883 739 anhelum

188 757 385 812 Pectus
428 762 483 812 et
523 759 590 812 ad
630 760 806 811 manis
845 761 1006 826 urget
1045 759 1278 828 uestigia
1316 758 1466 812 nati?

268 834 342 885 At
379 831 584 903 Libyae
624 833 831 902 ductor,
869 831 1129 886 Marcello
1169 832 1375 887 fractus
1416 837 1470 887 et
1509 833 1622 887 acri
1794 847 1882 888 420

191 905 466 961 Oontusus
507 924 707 978 pugna,
747 925 968 977 campos
1009 907 1298 962 damnarat
1335 910 1389 960 et
1428 926 1581 961 arma

188 979 446 1034 Uerterat
486 982 553 1034 ad
594 981 821 1034 miseras
860 1000 972 1034 non
1011 983 1170 1050 aequi
1209 980 1404 1035 Martis
1445 982 1690 1035 Acerras,

188 1055 337 1123 Inde,
376 1054 471 1108 ubi
509 1054 761 1125 permisit
798 1055 1034 1108 flammis
1075 1058 1238 1124 atque
1278 1055 1497 1109 ensibus
1535 1056 1741 1124 urbem,

189 1127 474 1198 Nuceriae,
513 1129 685 1182 nihilo
726 1130 900 1182 leuior
937 1147 1036 1182 nec
1075 1130 1289 1199 parcior
1327 1130 1423 1198 ira,

188 1201 428 1256 Incussit
468 1221 583 1256 sese
625 1206 787 1272 atque
829 1203 1086 1272 aequauit
1124 1203 1338 1256 moenia
1376 1206 1570 1257 terrae.
1796 1218 1883 1258 425

188 1275 324 1330 Post
364 1275 602 1332 Casilina
643 1278 763 1347 sibi,
802 1278 1036 1330 multum
1076 1277 1388 1330 obluctatus
1427 1277 1627 1347 iniquis

189 1350 592 1404 Defendentum
633 1351 814 1422 armiS,
855 1369 1014 1422 aegre
1052 1355 1394 1405 reserauerat
1431 1354 1556 1404 astu

189 1423 407 1478 Limina
447 1428 502 1479 et
541 1425 778 1479 obsessis
818 1425 992 1478 uitam
1031 1428 1355 1494 pensauerat
1393 1443 1540 1479 auro,

189 1498 432 1569 Iamque,
470 1499 529 1552 in
566 1499 875 1553 Dauniacos
906 1500 1296 1570 ‘transfundens
1336 1500 1556 1570 agmina
1596 1518 1832 1570 camPOS,

189 1572 476 1627 Flectebat
512 1574 735 1642 rabiem,
777 1592 882 1643 quo
922 1573 1126 1644 praeda
1164 1573 1250 1627 uel
1289 1574 1371 1626 ira
1410 1578 1671 1628 uocasset.
1791 1587 1881 1629 430

189 1646 463 1701 Fumabat
501 1647 675 1701 uersis
715 1648 937 1701 incensa
979 1647 1172 1701 Petilia
1211 1647 1387 1716 tectiS,

192 1721 389 1775 Infelix
427 1721 554 1774 fidei
592 1722 929 1791 miseraeque
969 1722 1204 1775 secunda
1246 1720 1505 1792 SaguntO,

190 1794 269 1847 At
318 1796 590 1864 quondam
636 1796 957 1848 Herculeam
1012 1814 1229 1849 seruare
1278 1796 1509 1864 superba
1555 1795 1884 1865 pharetram.

265 1868 520 1922 Uerterat
559 1872 613 1922 et
652 1872 889 1922 mentem
927 1869 1095 1937 Tyria
1134 1869 1202 1922 ad
1242 1873 1437 1922 conata
1475 1868 1756 1939 Tarentus,

189 1941 478 2013 Portisque
518 1942 789 1996 intrarant
811 1942 992 1997 Poeni.
1058 1943 1151 1996 sed
1184 1943 1327 1996 enim
1360 1961 1481 1996 arce
1514 1961 1749 2013 corusca,
1795 1957 1882 1998 435

190 2015 323 2069 Fisa
363 2017 500 2087 loc0,
539 2035 731 2071 manus
774 2016 1049 2071 Ausoniae
1089 2017 1293 2086 stipata
1333 2017 1569 2070 sedebat.

190 2089 311 2157 Hic,
351 2090 596 2144 miranda
635 2109 875 2160 mouenS,
914 2092 1158 2161 classem,
1190 2109 1326 2160 quae
1366 2091 1586 2145 condita
1622 2095 1786 2162 portu

191 2163 430 2218 Astabat
473 2195 536 2202 —
579 2183 814 2234 namque
856 2165 1104 2236 angustis
1144 2184 1171 2218 e
1210 2165 1458 2219 faucibus
1499 2183 1701 2234 aequor

190 2237 447 2308 Erumpit
487 2240 736 2308 scopulos
776 2239 919 2291 inter
956 2239 1252 2309 patuloque
1291 2257 1505 2293 recessu

312 2403 398 2443 413
430 2398 654 2458 Ascraeo]
697 2398 899 2444 Cumaeo
940 2399 1014 2443 uel
1053 2399 1307 2455 Smyrnaeo
1348 2398 1550 2455 Ruperti
1582 2424 1636 2432 —-
1669 2399 1879 2459 famaue]
1926 2401 1929 2404 ⁴

193 2457 476 2514 Smyrnaeue
499 2459 654 2504 Barth
681 2483 734 2491 ——
760 2458 909 2503 Hosto
935 2463 996 2500 ch
1025 2456 1168 2502 hosco
1185 2461 1291 2501 Lov
1322 2458 1457 2502 hesto
1474 2463 1508 2501 r
1592 2462 1678 2504 417
1706 2459 1827 2503 Dum
1853 2464 1880 2502 8

192 2521 281 2560 424
330 2516 480 2562 leuior
527 2522 597 2560 ov
650 2517 833 2563 laenior
874 2522 908 2560 1⁴·
962 2516 1112 2562 lenior
1158 2521 1191 2559 1.
1231 2542 1286 2549 —
1326 2516 1426 2562 irae
1477 2517 1661 2563 Gronov
1707 2519 1880 2576 aliique

192 2581 280 2620 426
313 2575 466 2632 iniqui
498 2581 558 2620 ch
686 2581 773 2621 427
808 2575 969 2635 armis]
1003 2575 1169 2620 animis
1203 2575 1501 2633 Dausqueius
1532 2602 1588 2608 —
1621 2590 1759 2635 aegre
1791 2591 1879 2624 res.

192 2635 318 2692 astu]
368 2641 416 2680 et
461 2637 535 2681 uel
580 2635 660 2680 uix
697 2650 746 2680 re
786 2650 874 2681 res.
907 2637 1011 2680 arta
1050 2635 1249 2692 Ruperti
1290 2661 1344 2667 —
1387 2635 1512 2694 astu]
1560 2637 1693 2680 aestu
1739 2636 1884 2682 Bothe

193 2696 281 2737 428
314 2694 528 2740 obsessos
554 2699 639 2751 ov,
672 2696 795 2740 unde
827 2699 878 2740 at
909 2697 1125 2740 obsessus
1149 2695 1302 2740 Barth
1421 2699 1508 2739 429
1540 2695 1588 2738 in
1620 2694 1883 2741 Dauniacos

192 2751 402 2810 Scaliger
425 2758 465 2798 et
489 2754 715 2799 Heinsius
745 2753 1087 2811 indauniuagos
1111 2759 1180 2796 ΒΕ
1211 2754 1261 2797 in
1293 2753 1552 2811 dauniugos
1579 2757 1610 2795 0
1642 2753 1692 2796 in
1717 2753 1881 2811 dapni-
1961 2754 1983 2763 “’

192 2823 342 2868 uagos
360 2815 397 2853 V
431 2815 630 2869 (praeter
654 2815 714 2858 da
738 2814 914 2858 litteras
937 2827 1088 2858 omnes
1110 2827 1166 2857 m.
1183 2816 1215 2857 2
1238 2814 1290 2857 in
1315 2814 1526 2858 lacunam
1549 2814 1656 2867 scr.)
1689 2811 1880 2869 Iamque

192 2883 318 2927 uaga
355 2870 405 2914 in
444 2872 598 2915 Dauni
638 2875 694 2916 tr.
731 2872 865 2917 Thilo
897 2899 951 2905 —
986 2871 1314 2916 transfundens
1348 2877 1373 2914 8
1420 2870 1701 2927 perfundens
1740 2873 1882 2930 uulyo

193 2934 282 2974 430
314 2931 564 2975 uocassent
595 2931 822 2976 Heinsius
948 2936 1034 2975 433
1066 2931 1131 2974 At
1162 2935 1221 2972 eh
1375 2934 1462 2974 438
1497 2930 1542 2988 e]
1576 2943 1624 2974 se
1656 2930 1882 2976 Heinsius

193 2993 235 3034 et
267 2989 412 3035 Bothe
532 2993 618 3033 439
653 2990 874 3047 Irrumpit
905 2991 1052 3035 Bothe
