1988 3190
159 114 266 167 122
825 113 941 159 SILI
970 113 1195 159 ITALICI

234 249 390 303 Talia
429 250 487 303 in
525 249 782 303 Ausonia.
846 249 940 303 sed
977 268 1089 304 non
1127 253 1181 304 et
1219 251 1348 304 talis
1387 251 1609 307 Hiberis

155 325 448 377 Armorum
487 327 713 377 euentus
754 324 975 393 campis.
1038 323 1387 396 Carthaginis
1427 345 1613 380 omnes
1760 343 1848 384 400

153 397 257 451 Per
297 399 540 451 subitum
577 402 768 468 raptae
808 398 999 468 pernix
1037 399 1268 452 uictoria
1306 400 1418 453 late

154 472 447 525 Terruerat
485 475 686 542 gentes
751 472 975 526 ducibus
1017 491 1139 542 spes
1178 492 1287 526 una
1326 474 1535 540 salutis,

155 544 214 599 Si
254 547 433 600 socias
474 547 703 616 iungant
741 546 901 600 uires.
962 547 1276 618 ingentibus
1318 566 1502 602 orsum

156 620 430 690 Auspiciis
470 620 737 691 iuuenem,
776 639 871 674 ceu
910 622 1090 691 patria
1130 625 1310 692 gestet
1348 622 1407 675 in
1447 623 1611 677 armis

152 693 419 763 Fulmina,
459 695 683 748 sublimi
721 695 982 748 uallatam
1020 696 1226 749 uertice
1265 697 1468 750 montis
1758 712 1844 753 405

151 768 228 821 Et
269 770 504 838 scopulis
543 770 751 839 urbem,
791 770 1125 823 cumulatam
1165 773 1347 841 strage
1386 771 1646 842 uirorum,

150 842 281 896 Non
318 846 439 896 toto
478 845 724 912 rapuisse
764 843 864 913 die,
903 862 1009 913 qua
1045 842 1279 897 Martius
1320 845 1415 898 ille

149 916 430 970 Hannibal
468 917 526 970 in
564 923 710 971 terra
749 920 1073 987 consumpto
1113 918 1339 972 uerterit
1378 937 1518 973 anno

149 990 266 1044 Nec
306 991 448 1059 pube
497 992 836 1061 aequandam
881 1011 979 1045 nec
1027 1010 1192 1076 opum
1238 993 1486 1046 ubertate
1526 992 1847 1065 Saguntum.

222 1064 526 1135 ProximUS,
566 1066 829 1135 applicito
871 1067 1079 1119 saxosis
1119 1083 1319 1136 aggere
1361 1067 1530 1136 siluiS,
1755 1082 1842 1123 410

150 1138 447 1209 Tendebat,
485 1108 672 1192 fiatris
714 1141 926 1208 spirans
966 1141 1210 1209 ingentia
1247 1140 1413 1209 facta,

149 1212 478 1266 Hasdrubal.
541 1214 631 1267 hic
668 1215 833 1267 robur
872 1215 1178 1283 mixtusque
1217 1183 1511 1267 rebellibus
1550 1214 1701 1269 Afris

149 1286 436 1356 Cantaber,
474 1287 563 1341 hic
602 1288 812 1342 uolucri
849 1287 1042 1342 Mauro
1081 1288 1352 1358 pernicior
1383 1288 1575 1359 Astur,

148 1361 431 1430 Tantaque
469 1363 725 1415 maiestas
764 1365 912 1415 terra
949 1363 1179 1416 rectoris
1217 1361 1443 1432 Hibera,

147 1434 477 1489 Hannibalis
510 1440 752 1506 'quantus
791 1436 1049 1490 Laurenti
1087 1439 1265 1490 terror
1303 1437 1359 1489 in
1400 1455 1508 1490 ora.
1755 1451 1843 1492 415

146 1509 313 1563 Forte
355 1510 467 1563 dies
507 1512 745 1580 priscum
786 1510 965 1580 Tyriis
1006 1510 1288 1564 sollemnis
1327 1510 1589 1564 honorem

146 1583 476 1653 Rettulerat,
517 1603 639 1655 qUO,
677 1585 913 1654 primum
955 1585 1065 1638 orsi
1105 1582 1454 1654 Carthaginis
1495 1585 1640 1638 altae

145 1656 534 1728 Fundamenta,
572 1677 773 1712 nouam
814 1677 1037 1728 coepere
1076 1659 1381 1727 mapalibus
1421 1659 1627 1712 urbem.

144 1731 219 1785 Et
260 1733 454 1802 laetus,
492 1737 742 1803 repetens
785 1733 963 1803 gentis
1004 1733 1327 1820 primordia,
1356 1733 1549 1786 ductor

146 1805 312 1859 Festa
351 1808 621 1860 coronatis
663 1808 911 1877 agitabat
950 1807 1149 1875 gaudia
1189 1807 1376 1875 signis,
1753 1820 1840 1861 420

148 1880 447 1933 pacificans
488 1881 657 1934 diuos
718 1880 1021 1933 fraternum
1060 1880 1219 1932 laena
1256 1880 1470 1932 nitebat

152 1953 403 2007 Demissa
443 1973 508 2007 ex
546 1954 783 2007 humeris
825 1954 1039 2023 donum,
1079 1972 1242 2022 quam
1281 1953 1512 2007 foederis
1554 1954 1661 2006 arti

150 2028 460 2080 Trinacrius
500 2027 706 2098 Libyco
747 2046 841 2080 rex
880 2029 1021 2080 inter
1060 2046 1284 2080 munera
1321 2027 1518 2098 pignus

145 2100 386 2171 Miserat,
425 2101 632 2155 Aeoliis
675 2105 952 2173 gestatum
990 2102 1202 2171 insigne
1241 2101 1504 2171 tyrannis

147 2178 355 2228 Aurata
393 2195 622 2245 puerum
661 2177 911 2245 rapiebat
952 2175 1019 2228 ad
1059 2175 1281 2228 aethera
1319 2193 1498 2244 penna
1750 2189 1838 2231 425

145 2250 249 2302 Per
286 2251 457 2302 nubes
498 2251 699 2320 aquila,
737 2250 946 2303 intexto
986 2249 1187 2302 librata
1225 2249 1431 2302 uolatu.

146 2324 380 2376 Antrum
429 2324 620 2394 ingens
668 2324 843 2393 iuxta,
891 2324 1032 2392 quod
1080 2342 1206 2377 acus
1255 2323 1534 2376 simulauit
1575 2323 1633 2376 in
1673 2327 1838 2389 ostro,

263 2518 350 2557 406
391 2515 452 2558 Et
489 2513 694 2570 scopulis
725 2513 952 2565 Heinsius
1004 2514 1074 2557 Ex
1106 2511 1254 2557 oculis
1288 2517 1314 2555 8
1369 2512 1422 2555 In
1455 2512 1660 2570 scopulis
1690 2513 1837 2559 Bothe

148 2596 202 2603 —
236 2573 475 2617 cumulata
507 2573 733 2618 Heinsius
847 2578 933 2618 407
968 2586 1060 2629 quo
1094 2577 1155 2615 eh
1193 2586 1299 2615 cum
1330 2572 1581 2626 Liuineius
1610 2577 1652 2616 et
1682 2572 1836 2617 Daus-

145 2633 303 2686 queius
424 2636 511 2675 408
545 2631 768 2676 euerterit
798 2632 1023 2677 Heinsius
1129 2636 1215 2675 409
1249 2631 1354 2674 Non
1386 2635 1443 2674 ch
1553 2635 1641 2675 412
1672 2630 1835 2689 robur]

147 2690 298 2734 Uasco
331 2690 558 2735 Schrader
677 2694 763 2735 412
798 2692 847 2735 et
877 2695 964 2734 413
997 2689 1105 2735 huic
1129 2690 1376 2735 Liuineius
1494 2693 1581 2734 413
1613 2703 1773 2734 mauro
1797 2693 1835 2732 V

145 2749 195 2791 in
226 2762 339 2793 auro
370 2754 473 2791 LEO
596 2754 682 2794 418
716 2763 910 2806 coepere
942 2754 979 2792 V
1018 2762 1209 2806 corpore
1241 2753 1309 2791 LF
1350 2762 1515 2805 capere
1549 2752 1579 2791 0
1619 2761 1835 2804 saepsere

144 2807 370 2851 Heinsius
410 2834 466 2840 —-
506 2809 771 2865 magalibus
815 2810 889 2853 uel
930 2808 1201 2865 magaribus
1247 2808 1447 2863 Ruperti
1494 2808 1571 2863 (cf.
1607 2807 1747 2851 XIV.
1783 2810 1832 2862 7)

145 2869 234 2909 420
268 2865 443 2923 gaudia
474 2872 547 2909 cm
578 2868 670 2923 Ep.
706 2871 735 2913 7
862 2872 947 2911 421
982 2867 1121 2911 laeua
1159 2872 1186 2909 8
1319 2870 1406 2910 426
1437 2865 1616 2910 intexto
1650 2869 1720 2908 ΟΥ
1764 2865 1834 2910 in-

151 2927 278 2969 testo
301 2929 370 2968 LF
403 2951 458 2958 —
491 2925 666 2970 librata
691 2933 764 2971 cm
788 2927 814 2971 l.
842 2927 870 2971 l.
948 2931 1034 2970 427
1062 2925 1288 2970 similauit
1310 2925 1510 2982 Ruperti
1530 2925 1608 2980 (cf.
1625 2925 1701 2968 ΙΙ.
1721 2928 1831 2979 533)
