1988 3190
623 111 988 159 PUNICORUM
1019 111 1203 156 LIBER
1233 111 1354 157 XIV.
1717 112 1824 166 105

134 249 427 304 Marcellus
466 249 681 320 pubem,
719 249 966 301 lustratis
1006 248 1110 301 rite
1151 247 1417 317 maniplis.

134 321 502 377 Circumstant
542 323 747 376 alacres
788 322 945 392 signa
984 322 1289 391 auditisque
1328 322 1584 374 tubarum

131 397 424 467 Respirant
461 397 593 451 laeti
632 396 995 466 clangoribus.
1055 396 1167 449 itur
1206 397 1263 447 in
1301 395 1540 466 hostem3

130 470 221 542 Et,
259 471 305 524 si
342 471 460 524 fata
496 471 690 540 ferant,
728 471 881 523 iuuat
920 470 1062 523 inter
1092 469 1303 540 proelia
1342 469 1485 522 ferro

131 545 298 599 Posse
339 545 492 598 mori.
557 545 762 598 socium
802 544 1044 614 miseret,
1085 545 1178 614 qui
1219 546 1364 596 sorte
1403 543 1650 612 pudenda
1735 558 1823 599 630

131 618 198 671 In
238 637 444 672 morem
482 618 745 688 pecudum
788 618 1018 671 effudere
1059 616 1327 672 cubilibus
1368 617 1500 670 atris

132 692 462 746 Illaudatam
503 693 753 746 animam.
815 692 1053 746 tumulos
1092 691 1460 761 inhonoraque
1501 691 1662 744 busta

130 766 450 836 Respiciunt
489 770 542 819 et
580 767 670 819 uel
709 767 856 819 nullo
897 766 1127 819 iacuisse
1169 765 1427 834 sepulcr0‚

134 838 308 903 Quam
347 841 612 893 debellari
653 840 874 909 morbis,
912 842 1105 909 placet.
1170 839 1337 892 ardua
1374 839 1579 908 primus

129 915 214 967 Ad
255 933 438 967 muros
480 914 586 967 dux
626 914 783 983 signa
821 914 979 984 rapit.
1040 916 1264 966 tenuata
1302 913 1524 966 iacendo
1736 927 1822 967 635

129 987 205 1041 Et
244 988 415 1041 1116616
454 988 511 1040 111
550 989 720 1058 galeis
763 988 1103 1041 abscondunt
1145 1005 1254 1056 ora,
1291 987 1588 1056 malusque,

129 1061 215 1115 Ne
256 1062 329 1114 sit
370 1080 492 1130 spes
532 1062 696 1131 hosti,
735 1063 949 1115 uelatur
991 1062 1198 1115 casside
1237 1061 1427 1129 pallor.

129 1134 430 1188 Infundunt
458 1135 718 1205 tapidum
759 1135 1032 1189 conuulsis
1073 1135 1353 1188 moenibus
1394 1152 1590 1204 agmen

135 1207 511 1279 Condensique
549 1213 736 1262 ruunt:
776 1212 863 1263 tot
900 1210 1059 1263 bellis
1099 1209 1248 1261 inuia
1286 1212 1431 1262 tecta

127 1282 338 1352 Totque
376 1302 484 1337 uno
523 1283 752 1336 introitu
792 1284 1081 1352 capiuntur
1120 1282 1310 1335 militis
1351 1300 1517 1335 arces
1734 1297 1821 1337 640

202 1357 415 1426 Totum,
456 1375 562 1425 qua
599 1357 816 1410 uehitur
855 1357 1033 1424 Titan,
1070 1375 1182 1410 non
1220 1356 1333 1408 ulla
1370 1374 1468 1425 per
1507 1358 1694 1409 orbem

127 1429 264 1482 Tum
305 1448 422 1483 sese
459 1430 771 1484 Isthmiacis
812 1434 1133 1500 aequassent
1170 1429 1370 1499 oppida
1408 1430 1582 1483 tectis,

131 1503 240 1557 Tot
280 1504 505 1556 delubra
543 1505 699 1557 deum
740 1508 929 1574 totque
969 1505 1111 1557 intra
1150 1504 1365 1557 moenia
1403 1507 1608 1573 portuS,

127 1576 284 1630 Adde
322 1577 444 1630 fora
484 1580 538 1631 ct
576 1578 734 1631 celsis
775 1581 1033 1648 suggesta
1071 1577 1287 1631 theatra
1326 1577 1590 1630 columnis

132 1649 510 1721 Certantisque
549 1653 688 1704 mari
728 1654 913 1722 1110166,
954 1652 1087 1704 adde
1129 1652 1313 1705 ordine
1352 1651 1516 1721 longo
1732 1666 1819 1707 645

128 1723 445 1778 Innumeras
487 1725 770 1795 spatioque
811 1726 1016 1795 domos
1058 1743 1290 1795 aequare
1331 1725 1593 1792 superbas

130 1798 294 1851 Rura.
357 1798 500 1868 quid,
539 1799 776 1852 inclusos
815 1803 1063 1869 porrecto
1105 1799 1279 1851 limite
1317 1798 1498 1866 longis

128 1870 434 1926 Porticibus
474 1891 655 1927 sacros
694 1873 950 1926 iuuenum
990 1875 1280 1927 certamine
1320 1872 1506 1925 lucos?

132 1943 272 2007 Quid
310 1949 396 1999 tot
437 1947 667 2016 captiuis
707 1947 974 2017 fulgentia
1015 1947 1251 2000 culmina
1289 1946 1522 2000 rostris?

129 2018 401 2088 Armaque
440 2021 547 2072 fixa
586 2021 735 2073 deis?
777 2024 870 2073 aut
911 2039 1047 2090 quae
1079 2019 1455 2073 Marathonius
1490 2020 1666 2073 hostis
1731 2035 1817 2075 650

127 2091 384 2162 Perdidit,
424 2098 519 2147 aut
556 2094 732 2164 Libya
773 2112 909 2163 quae
949 2097 1076 2146 sunt
1117 2094 1341 2147 aduecta
1383 2094 1647 2147 subacta?

129 2165 233 2219 Hic
272 2166 628 2234 Agathocleis
668 2168 820 2220 sedes
863 2170 1056 2221 ornata
1094 2167 1394 2236 trophaeis;

129 2238 232 2293 Hic
272 2240 432 2293 mites
471 2240 727 2295 Hieronis
769 2259 919 2310 opes;
958 2242 1047 2294 hic
1088 2243 1274 2294 sancta
1312 2244 1557 2294 uetustas

250 2389 334 2428 627
369 2384 636 2440 auditisque
667 2390 735 2427 ΒΕ
773 2384 1016 2440 auidisque
1052 2389 1122 2427 ov
1245 2389 1329 2428 628
1362 2384 1457 2428 itur
1487 2383 1556 2443 in]
1587 2383 1656 2429 ire
1689 2386 1737 2430 et
1767 2386 1815 2429 in

127 2442 202 2486 uel
230 2441 298 2485 ire
330 2456 413 2499 per
443 2443 668 2488 Heinsius
788 2449 873 2488 629
905 2444 1058 2488 ferant
1090 2447 1160 2486 ov
1193 2443 1349 2487 ferunt
1379 2449 1447 2485 ΒΕ
1570 2448 1655 2487 630
1689 2446 1815 2489 sorte

130 2506 203 2543 cm
238 2501 330 2557 Ep.
371 2506 432 2546 90
475 2507 501 2544 Β
554 2503 703 2546 morte
750 2503 890 2560 uulyo
1071 2506 1157 2546 634
1187 2501 1364 2558 primus
1410 2507 1442 2544 L
1497 2501 1660 2557 primis
1707 2507 1815 2546 Fov

130 2563 216 2603 636
248 2560 397 2604 macie
433 2560 482 2604 in
506 2575 549 2616 g.
583 2561 735 2605 Barth
780 2560 976 2604 maciem
1009 2576 1052 2617 g.
1088 2565 1114 2602 S
1161 2561 1308 2605 macie
1341 2575 1385 2616 g.
1421 2562 1614 2605 Marsus
1645 2562 1815 2619 aliique

130 2621 214 2661 637
254 2618 458 2662 1161161111·
496 2623 566 2661 ov
614 2618 792 2663 celatur
823 2620 1047 2664 Heinsius
1226 2622 1312 2664 640
1354 2619 1535 2675 Totque
1566 2620 1813 2666 Liuineius

130 2675 222 2720 Tot
261 2682 286 2719 Β
324 2702 384 2709 --
423 2691 517 2720 una
555 2677 779 2723 Heinsius
973 2682 1056 2721 642
1096 2677 1356 2722 isthimacis
1395 2683 1427 2720 1.
1482 2677 1739 2724 histimacis
1778 2685 1813 2722 F

125 2734 400 2780 isthumacis
443 2739 513 2778 0V
562 2737 640 2791 (cf.
677 2751 722 2782 u.
760 2739 815 2781 51
857 2741 898 2781 et
936 2740 1046 2792 341)
1268 2741 1351 2780 647
1397 2737 1541 2795 Rura]
1589 2737 1737 2782 Ricea
1777 2744 1814 2781 F

129 2798 215 2838 648
247 2807 414 2851 sacros,
446 2795 665 2838 iuuenum
698 2795 968 2851 certamina,
1000 2795 1130 2839 lucos
1163 2794 1363 2851 Ruperti
1499 2800 1584 2841 649
1618 2796 1740 2851 Quid
1773 2801 1811 2839 V

131 2851 221 2905 Qui
250 2857 352 2895 LFO
535 2858 619 2898 652
654 2853 807 2911 sedes]
843 2854 981 2898 aedes
1013 2854 1237 2898 Heinsius
1417 2859 1502 2899 653
1541 2856 1679 2901 mites
1713 2861 1813 2899 0118

127 2911 254 2955 mitis
283 2912 425 2969 uulgo
456 2936 512 2944 —-
546 2911 654 2956 hinc
687 2917 712 2955 8
745 2938 800 2945 -
833 2914 1021 2957 uetusta
1053 2917 1122 2955 ov
