1988 3190
188 114 294 168 158
855 114 970 160 SILI
1000 114 1220 161 ITALICI

185 251 432 320 Ancipiti
471 250 652 304 senior
690 250 980 304 temeraria
1019 254 1211 320 coepta
1249 251 1510 305 uetabant

185 323 524 395 Magnosque
562 324 859 377 horrebant
899 327 1057 378 cauta
1094 324 1382 378 formidine
1423 344 1592 381 casus

257 398 426 468 Ergo,
464 398 558 451 ubi
598 397 777 451 delato
818 399 1006 452 consul
1046 399 1296 452 sublimis
1335 399 1542 454 honore
1786 415 1875 457 600

184 472 268 525 Ad
307 475 489 541 patres
529 471 777 526 consulta
815 471 998 542 refert,
1038 472 1298 543 deturque
1337 477 1598 544 potestaS,

182 545 330 616 Orat,
371 546 626 599 delendae
668 544 1031 617 CarthaginiS,
1071 547 1236 600 altius
1277 565 1432 600 orsus

180 619 300 673 Hoc
339 620 650 690 grandaeua
689 620 848 675 modo
887 619 1092 673 Fabius
1130 623 1287 690 pater
1325 639 1423 674 ora
1460 623 1708 676 resoluit:

181 693 367 747 ‘Haud
407 694 654 763 equidem
692 694 948 747 metuisse
989 712 1198 764 queam,
1237 695 1469 749 satiatus
1509 700 1564 749 et
1603 697 1724 750 aeui

180 767 254 820 Et
293 767 514 838 decoris,
553 768 639 821 cui
678 771 794 821 tam
835 771 1082 838 superest
1121 772 1176 822 et
1215 769 1392 839 gloria
1432 772 1486 822 et
1526 774 1693 838 aetas»,
1781 785 1869 825 605

181 839 264 894 Ne
306 841 490 895 credat
528 860 629 895 nos
668 842 903 895 inuidiae
944 843 1234 896 certamine
1272 843 1462 896 consul
1734 895 1735 898 ,

178 915 456 969 Laudibus
498 916 804 970 obtrectare
845 915 971 970 suis,
1035 916 1169 969 satis
1209 917 1396 970 inclita
1433 934 1632 970 nomen
1694 976 1700 982 ,

178 987 371 1042 Gestat
408 989 557 1043 fama
596 1008 792 1059 meum,
830 1009 929 1043 nec
969 993 1131 1060 egent
1168 993 1285 1043 tam
1323 1008 1583 1061 prospera
1621 991 1779 1046 laude

177 1061 344 1116 Facta
379 1082 546 1134 noua3
585 1083 774 1116 uerum
816 1070 869 1116 et
906 1064 1132 1134 patriae,
1172 1064 1298 1118 dum
1339 1065 1455 1118 uita
1493 1065 1751 1135 manebit,

178 1136 378 1190 Deesse
416 1137 569 1191 nefas
611 1137 956 1207 animumque
997 1137 1149 1190 nefas
1190 1139 1453 1191 scelerare
1493 1138 1717 1192 silendo,
1780 1154 1867 1194 610

178 1209 334 1264 Bella
372 1229 516 1264 noua
553 1211 612 1263 in
651 1210 857 1281 Libyae
897 1211 1105 1264 moliris
1147 1211 1337 1265 ducere
1378 1211 1590 1264 terras?

148 1283 366 1346 ,Hostis
407 1285 551 1338 enim
592 1285 743 1338 deest
782 1284 1080 1355 Ausoniae3
1117 1303 1216 1338 nec
1254 1286 1470 1338 uincere
1509 1285 1669 1339 nobis

174 1357 278 1411 Est
316 1358 451 1412 satis
490 1358 871 1415 Hannibalem.
934 1327 1141 1429 petit’ur
1180 1377 1315 1429 quae
1355 1358 1534 1430 gloria
1574 1360 1746 1413 maior

173 1431 360 1486 Litore
399 1431 688 1486 Elissaeo?
730 1432 938 1486 stimuli
979 1434 1023 1485 si
1062 1432 1238 1485 laudis
1280 1436 1448 1514 agunt
1485 1451 1600 1503 nos,

172 1504 330 1559 Hanc
371 1510 612 1577 segetem
652 1509 810 1560 mete.
873 1507 1178 1576 composuit
1216 1504 1560 1576 propioribus
1601 1507 1744 1561 ausis
1778 1521 1864 1562 615

176 1579 417 1649 Dignum
457 1584 512 1633 te
543 1579 789 1634 Fortuna
830 1599 1031 1649 parem.
1093 1580 1213 1633 uult
1251 1580 1393 1634 Itala
1430 1580 1592 1633 tellus

175 1652 435 1707 Ductoris
476 1655 641 1722 saeui,
679 1656 798 1707 uult
837 1655 1072 1724 tandem,
1110 1655 1326 1707 haurire
1367 1672 1626 1708 cruorem.

174 1726 291 1789 Quo
302 1726 538 1781 Martem
552 1731 646 1781 aut
661 1746 767 1798 quo
783 1728 942 1799 signa
954 1728 1123 1780 trahis
1135 1729 1162 1781 ‘?
1179 1728 1512 1798 restinguere
1529 1728 1765 1796 primum
1779 1723 1866 1782 est

176 1801 473 1854 Ardentem
512 1802 744 1855 Italiam.
807 1805 867 1853 tu
905 1801 1080 1854 fessos
1123 1802 1275 1854 auius
1315 1801 1492 1854 hostis

173 1874 390 1927 Deseris
432 1894 494 1928 ac
534 1879 742 1943 septem
783 1875 1019 1928 denudas
1061 1875 1303 1943 proditor
1343 1893 1505 1927 arces
1773 1889 1860 1930 620

170 1948 274 2018 An,
313 1966 434 2001 cum
475 1951 536 2001 tu
577 1946 779 2018 Syrtim
820 1967 883 2002 ac
923 1948 1126 2001 sterilis
1166 1948 1411 2001 uastabis
1450 1948 1698 2016 harenaS,

170 2020 299 2074 Non
339 2022 457 2074 dira
495 2022 593 2075 illa
634 2022 749 2075 lues
787 2022 935 2075 notis
975 2023 1084 2075 iam
1124 2022 1407 2075 moenibus
1441 2021 1590 2074 urbis

170 2094 436 2148 Assiliet‘?
475 2113 810 2166 uacuumque
850 2096 1038 2149 Iouem
1079 2096 1194 2148 sine
1233 2095 1391 2165 pube,
1431 2095 1546 2147 sine
1587 2095 1754 2148 armis

171 2168 438 2222 Inuadet‘?
479 2169 685 2240 quanti,
723 2172 784 2222 ut
823 2169 982 2223 cedas
1021 2169 1358 2238 Romamque
1397 2169 1688 2237 relinquaS,

167 2242 405 2295 Emerit!
446 2274 518 2280 --
558 2248 613 2296 et
650 2246 805 2296 tanto
844 2243 1087 2311 percussi
1124 2243 1351 2296 fulmine
1389 2242 1523 2295 belli
1770 2255 1855 2296 625

287 2449 373 2491 603
405 2446 611 2490 resoluet
643 2450 690 2501 8,
722 2447 799 2492 sed
829 2447 881 2491 in
911 2451 946 2489 F
992 2446 1007 2490 i
1039 2460 1267 2502 suprascr.
1428 2450 1515 2490 604
1546 2445 1749 2490 sociatus
1782 2449 1854 2488 ov

167 2507 253 2550 605
284 2505 404 2564 tam]
438 2505 535 2549 iam
567 2506 791 2550 Heinsius
890 2510 975 2550 607
1007 2505 1172 2549 inclita
1197 2510 1268 2548 ov
1298 2503 1450 2549 indita
1472 2509 1540 2547 m?
1569 2505 1647 2559 (cf.
1672 2518 1719 2549 u.
1742 2508 1855 2560 467)

167 2567 252 2608 610
286 2564 431 2608 Desse
461 2567 569 2607 FOV
744 2568 829 2609 612
862 2565 967 2608 dest
997 2569 1069 2607 Ἑν
1102 2589 1158 2597 -
1191 2564 1411 2609 ausoniae
1443 2567 1480 2605 V
1526 2566 1720 2607 ausonia
1749 2567 1851 2606 1.Ἑο

166 2626 252 2666 614
284 2636 368 2667 uos
386 2622 611 2668 Schrader
628 2626 669 2667 et
685 2623 826 2670 Blass
902 2627 987 2668 615
1021 2622 1166 2682 ausis]
1198 2637 1314 2668 ausu
1337 2623 1488 2667 Barth
1519 2622 1609 2666 oris
1627 2621 1852 2667 Schrader

166 2684 251 2724 619
285 2682 433 2735 auius,
465 2686 518 2726 ut
549 2683 664 2726 coni.
690 2682 932 2735 Heinsius,
948 2687 1016 2724 ΒΕ·
1049 2683 1214 2727 obuius
1238 2686 1308 2725 ov
1334 2707 1387 2714 —-
1413 2684 1466 2725 tu
1496 2679 1657 2735 fessos,
1685 2681 1851 2724 obuius

163 2738 303 2794 hosti,
337 2740 520 2784 Deseris
552 2740 778 2796 Lefebure
908 2746 990 2786 621
1026 2742 1100 2800 ac]
1134 2742 1182 2785 et
1211 2745 1249 2783 V
1283 2766 1337 2773 —
1370 2739 1601 2797 uastabis]
1633 2738 1850 2783 lustrabis

163 2811 255 2841 van
310 2798 430 2843 Veen
641 2804 726 2843 622
782 2801 923 2844 notae
979 2801 1203 2845 Heinsius
1419 2803 1506 2843 624
1561 2797 1722 2842 credas
1779 2800 1850 2838 ov

165 2860 264 2900 624.
298 2861 382 2900 625
416 2858 580 2912 quanti
612 2862 697 2915 est,
729 2861 782 2903 ut
813 2872 892 2903 eas
917 2857 969 2903 R.
996 2874 1031 2904 r.
1055 2857 1291 2903 Emerito?
1322 2872 1377 2902 ac
1402 2855 1524 2902 tanti
1546 2855 1608 2900 D.
1627 2855 1849 2900 Heinsius

163 2920 203 2959 et
241 2915 538 2973 Dausqueius
591 2916 754 2971 quanti
801 2918 893 2974 est,
946 2918 1083 2962 cedas
1128 2917 1182 2962 R.
1225 2932 1260 2962 r.
1305 2915 1542 2960 Emerito?
1591 2914 1671 2958 ah!
1722 2912 1848 2958 tanti
