1988 3190
617 146 980 193 PUNICORUM
1009 148 1193 194 LIBER
1222 148 1322 196 XII.
1743 149 1816 202 43

127 283 381 354 Quaeque
407 301 631 356 grauem
657 284 724 337 ad
749 283 1019 354 Trebiam,
1043 303 1284 355 quaeque
1309 285 1377 338 ad
1401 284 1589 338 Ticina
1611 285 1814 338 fluenta

131 358 419 430 Oppetiere
458 376 659 428 necem,
698 357 900 412 Paulus
942 358 1324 429 Gracchusque
1365 359 1577 413 cruenti

128 432 536 503 Flaminiusque
575 432 754 503 simul,
793 432 1006 486 miseris
1047 436 1171 486 ante
1213 451 1309 487 ora
1347 436 1633 503 uagantur.
1725 447 1813 487 550

129 506 341 561 Clausit
377 507 539 560 turba
576 506 708 560 uias.
772 509 882 560 stat
921 507 1097 560 celsus
1139 509 1193 560 et
1232 525 1390 577 asper
1430 507 1498 560 ab
1536 506 1619 561 ira

126 581 521 653 Ingentemque
559 583 766 634 metum
802 584 962 634 toruo
1004 581 1190 634 domat
1230 599 1321 634 ore
1362 583 1596 635 senatus.

127 655 408 709 Interdum
445 658 630 708 tamen
669 658 959 725 erumpunt
999 655 1098 708 sub
1140 655 1348 709 casside
1385 655 1538 709 fusae

122 729 229 782 Per
265 729 495 783 tacitum
533 729 808 782 lacrimae:
850 729 1108 798 quidnam
1146 728 1393 782 Fortuna
1432 729 1684 799 minetur,

124 801 335 865 Quidue
372 805 570 873 parent
608 803 826 872 superi?
879 802 1056 856 Pubes
1097 803 1341 872 dispersa
1377 821 1476 872 per
1516 803 1658 856 altas
1721 816 1808 856 555

124 875 248 931 Stat
286 877 452 930 turris
494 880 655 947 atque
692 877 799 930 huc
835 880 1060 930 uentum
1100 877 1200 930 sub
1241 877 1398 930 corde
1438 877 1669 945 uolutat,

129 950 200 1004 Ut
236 952 347 1004 iam
386 950 562 1004 Roma
604 951 736 1003 satis
778 951 960 1004 credat
999 950 1282 1004 defendere
1322 968 1522 1004 muros.

195 1023 410 1078 Poenus
450 1028 511 1077 ut
551 1024 619 1077 ad
659 1042 880 1078 somnos
919 1025 1011 1077 uix
1049 1027 1225 1078 totam
1265 1024 1510 1078 cursibus
1552 1027 1706 1078 actae

121 1098 355 1152 Indulsit
392 1098 526 1168 pubi
562 1101 794 1168 noctem,
831 1098 968 1167 uigil
1006 1098 1123 1168 ipse
1161 1117 1262 1152 nec
1300 1098 1471 1152 ullam

123 1173 211 1225 Ad
249 1172 490 1243 requiem
527 1172 705 1225 facilis
746 1173 1073 1242 credensque
1114 1172 1401 1226 abscedere
1438 1172 1602 1240 uitae,
1723 1186 1810 1226 560

123 1245 279 1309 Quod
318 1264 480 1316 sopor
519 1245 730 1315 eripiat,
767 1250 1006 1316 tempus:
1046 1246 1386 1300 radiantibus
1428 1245 1593 1298 armis

120 1319 371 1374 Induitur
408 1319 823 1388 Nomadumque
861 1320 1015 1373 iubet
1052 1338 1403 1390 prorumpere
1443 1322 1667 1373 turmas

124 1394 270 1463 Inde,
307 1394 444 1447 leuis
481 1392 668 1462 freniS,
709 1395 910 1448 circum
948 1394 1256 1463 pauitantia
1291 1393 1467 1446 fertur

123 1467 578 1537 Quadrupedante
619 1485 752 1520 sono
791 1468 1070 1536 perculsae
1111 1467 1325 1521 moenia
1365 1467 1584 1520 Romae.

121 1541 279 1595 Nunc
319 1540 498 1594 aditus
538 1541 756 1610 lustrat,
794 1542 1008 1594 clausas
1046 1559 1189 1594 nunc
1229 1540 1448 1609 cuspide
1489 1540 1674 1609 pulsat
1722 1554 1808 1595 565

125 1615 334 1668 Infesta
371 1617 558 1684 portas
598 1614 903 1683 fruiturque
941 1614 1139 1667 timore
1179 1619 1489 1683 pauentum.

122 1688 297 1759 Nunc,
335 1688 512 1741 lentus
554 1688 712 1741 celsis
753 1694 938 1741 astans
976 1689 1032 1741 in
1074 1689 1319 1758 collibus,
1356 1689 1526 1741 intrat

121 1762 328 1816 Urbem
369 1761 538 1815 oculis
580 1762 845 1832 discitque
883 1763 1032 1815 locos
1071 1780 1369 1832 causasque
1409 1762 1666 1817 locorum.

121 1835 203 1891 Ac
242 1837 445 1906 legeret
482 1835 603 1889 uisu
644 1842 839 1890 cuncta
879 1839 932 1888 et
969 1840 1281 1906 penetraret
1318 1836 1374 1889 in
1415 1836 1592 1889 omnis
1755 1893 1760 1898 ,

122 1909 427 1980 Spectando
465 1909 654 1979 partiS,
692 1909 750 1962 ni
787 1927 987 1981 magno
1027 1910 1241 1963 turbine
1282 1911 1496 1964 adesset
1722 1924 1808 1965 570

121 1983 364 2052 FuluiuS,
402 1983 546 2036 haud
584 1987 704 2037 tota
743 1982 960 2053 Capuae
1001 1984 1282 2038 obsidione
1322 1984 1528 2037 relicta.

120 2059 258 2111 Tum
298 2058 512 2110 demum
551 2057 746 2111 castris
784 2061 991 2111 turmas
1030 2058 1239 2111 inflexit
1278 2058 1492 2111 ouantis

123 2130 377 2201 Spectata
417 2130 609 2185 ductor
664 2132 894 2185 satiatus
933 2134 1157 2201 pectora
1194 2131 1385 2185 Roma.

121 2207 300 2274 Atque
338 2204 433 2258 ubi
470 2223 579 2258 nox
618 2206 843 2275 depulsa
880 2205 1007 2274 polo
1046 2205 1329 2275 primaque
1369 2206 1607 2259 rubescit

118 2279 392 2350 Lampade
430 2277 716 2347 Neptunus
755 2282 1082 2350 reuocatque
1123 2279 1338 2333 Aurora
1376 2280 1606 2349 laboreS‚
1721 2293 1807 2333 575

122 2353 368 2406 Effundit
405 2355 565 2421 rupto
605 2353 916 2422 persultans
957 2354 1178 2424 agmina
1218 2354 1362 2406 uallo

122 2426 213 2496 Et,
252 2428 514 2495 quantum
553 2426 785 2479 clamare
824 2427 992 2479 ualet:
1035 2426 1162 2479 ‘Per
1199 2426 1435 2495 plurima
1473 2430 1672 2496 uestra,

129 2499 174 2553 O
214 2499 360 2565 socii,
401 2498 592 2551 decora
632 2502 686 2552 et
725 2518 907 2552 sacras
946 2500 1003 2552 in
1044 2499 1308 2569 sanguine
1349 2500 1583 2570 dextraS‚

240 2664 325 2703 559
359 2655 555 2702 Inclusit
587 2661 618 2699 0
801 2662 884 2702 562
929 2658 1261 2714 numidumque
1296 2663 1336 2714 8,
1375 2660 1452 2704 sed
1483 2661 1535 2705 in
1565 2665 1598 2702 F
1648 2674 1674 2705 o
1707 2666 1748 2706 et
1780 2676 1808 2706 a

123 2732 352 2775 suprascr,
474 2721 559 2761 563
591 2716 709 2760 freni
742 2717 967 2761 Heinsius
1103 2721 1187 2762 567
1221 2717 1374 2762 lentus
1408 2723 1434 2760 s
1483 2720 1635 2763 laetus
1666 2721 1807 2779 uulyo

124 2782 207 2823 571
253 2778 357 2822 toto
398 2780 424 2818 S
604 2778 689 2819 572
723 2775 906 2820 influxit
938 2779 968 2818 0
1017 2776 1239 2820 subduxit
1272 2777 1456 2823 Gronov
1487 2783 1529 2824 et
1558 2779 1807 2824 Burmann

126 2835 342 2881 subuexit
372 2834 599 2879 Schrader
761 2838 845 2878 573
880 2834 1106 2891 Spectant
1139 2837 1197 2891 (et
1228 2835 1288 2880 da
1318 2850 1375 2881 m.
1401 2841 1433 2882 2
1466 2840 1736 2895 superascr.)
1769 2843 1806 2880 V

125 2899 211 2941 577
243 2896 400 2938 uestra
431 2898 462 2935 L
511 2893 671 2937 nostra
703 2897 811 2935 FOV
991 2897 1076 2938 578
1111 2907 1264 2939 sacras
1302 2895 1350 2939 in
1390 2895 1446 2954 s.]
1499 2898 1730 2941 saturatas
1763 2910 1798 2940 s,

51 3000 53 3005 ,
124 2954 347 2999 Heinsius
394 2952 589 2997 satiatas
621 2966 655 2997 s.
687 2951 1015 2997 Drakenborch
