1988 3190
149 128 259 183 124
821 128 934 174 SILI
963 128 1186 175 ITALICI

147 266 248 320 Ille
288 267 407 320 foro
447 265 681 335 audituS,
721 284 843 319 cum
884 266 1062 320 dulcia
1098 267 1340 320 soluerat
1380 285 1489 338 ora,
1759 282 1845 323 455

147 341 436 410 Aequabat
473 340 663 409 Pyliae
701 339 895 393 Neleia
934 341 1096 394 mella
1138 345 1399 394 senectae.

148 415 268 485 Ille,
307 416 402 468 ubi
443 413 693 485 suspensi
730 418 931 484 patreS‚
970 419 1025 467 et
1063 414 1212 468 curia
1249 433 1441 468 uocem

145 488 417 558 Posceret,
456 493 516 541 ut
557 491 735 558 cantu,
775 488 1008 542 ducebat
1046 489 1215 542 corda·
1251 493 1486 542 senatus,

147 563 313 634 Idem,
352 581 474 616 cum
516 563 754 616 subitum
795 580 986 632 campo
1025 564 1416 633 perstrinxerat
1455 563 1601 617 auris

145 637 392 690 Murmur
430 636 590 690 triste
629 637 810 704 tubae,
846 640 1004 690 tanto
1043 637 1257 691 feruore
1296 637 1490 691 ruebat
1754 652 1844 694 460

147 711 211 764 In
250 729 490 783 pugnam
534 714 697 780 atque
737 711 897 781 acieS,
936 714 998 764 ut
1035 714 1225 764 natum
1267 711 1334 764 ad
1374 712 1494 765 sola
1531 712 1764 782 liqueret

146 785 326 838 Bella:
365 785 503 838 nihil
541 786 690 839 uitae
727 784 918 856 peragi
957 785 1073 838 sine
1111 785 1268 839 laude
1307 786 1575 856 placebat.

145 859 296 914 Tunc
336 863 391 912 et
428 859 636 912 furtiua
673 862 1000 914 tractantem
1039 860 1246 928 proelia
1284 859 1404 913 luce

146 933 359 988 Deiecit
397 932 617 1003 Galam3
657 934 824 987 sacris
865 932 1216 1004 Carthaginis
1255 934 1412 987 illum

149 1007 442 1077 Supposito
483 1011 661 1061 mater
699 1012 861 1075 partu
903 1008 1235 1061 subduxerat
1276 1008 1424 1077 olim,
1753 1023 1840 1064 465

147 1080 253 1135 Sed
293 1085 440 1135 stant
478 1083 631 1134 nulla
670 1082 760 1134 diu
801 1082 1037 1152 deceptis
1079 1082 1275 1151 gaudia
1315 1082 1471 1135 diuis.

145 1155 296 1209 Tunc
313 1155 549 1225 Alabim,
573 1154 819 1208 Murrum
847 1158 1008 1225 atque
1033 1154 1246 1208 Dracen
1270 1156 1487 1209 demisit
1512 1156 1579 1210 ad
1604 1157 1843 1229 umbrae,

146 1229 402 1283 Femineo
444 1229 678 1282 clamore
717 1229 934 1283 Dracen
973 1232 1212 1282 extrema
1250 1233 1559 1300 rogantem3

147 1303 326 1357 Huius
368 1303 633 1357 ceruicem
671 1303 855 1373 gladio
894 1303 1037 1356 inter
1074 1304 1245 1357 uerba
1282 1322 1575 1374 precesque

147 1379 436 1447 Amputat.
497 1378 709 1431 absciso
752 1377 1022 1430 durabant
1061 1396 1340 1431 murmura
1380 1378 1536 1432 collo.
1754 1393 1842 1433 470

167 1454 172 1455 ⁷
226 1453 302 1506 At
339 1470 452 1505 non
491 1451 705 1505 ductori
741 1450 948 1522 Libyco
989 1470 1088 1521 par
1128 1452 1290 1505 ardor
1327 1452 1385 1505 in
1424 1452 1605 1506 armiS.

147 1525 413 1580 Frondosi
454 1526 606 1579 collis
646 1526 889 1579 latebras
931 1544 993 1579 ac
1033 1544 1163 1579 saxa
1203 1525 1440 1595 capessit

147 1601 306 1669 Auia,
344 1618 443 1653 nec
483 1600 674 1654 caedes
715 1603 1027 1653 extremaue
1067 1599 1263 1653 damna
1302 1600 1598 1653 mouebant

148 1674 417 1745 AgminiS.
479 1674 697 1728 Italiam
736 1673 1002 1744 profugus
1043 1674 1327 1743 spectabat
1367 1677 1421 1727 et
1462 1673 1637 1743 Alpis,

144 1748 396 1802 Praemia
420 1766 623 1819 magna
645 1747 824 1817 fugae.
873 1748 1100 1801 tacitum
1125 1748 1220 1800 dat
1244 1751 1452 1801 tessera
1476 1748 1716 1818 signum:
1752 1761 1840 1802 475

144 1823 390 1876 Dimissa
430 1823 486 1875 in
526 1821 680 1875 collis
720 1839 908 1892 pugna
948 1821 1223 1890 siluasque
1261 1821 1507 1874 ferantur

146 1896 396 1966 Dispersi
428 1899 482 1948 et
522 1913 807 1964 summam,
848 1896 1167 1964 quicumque
1208 1895 1458 1962 euaserit,
1497 1913 1677 1948 arcem

146 1969 385 2039 Pyrenes
427 1969 745 2038 culmenque
785 1972 951 2038 petat.
1013 1971 1132 2022 tum
1172 1968 1396 2038 primus,
1434 1969 1639 2022 honore

146 2044 442 2098 Armorum
484 2045 645 2097 exuto
687 2046 741 2095 et
779 2061 971 2112 parma
1011 2043 1219 2096 celatus
1259 2042 1483 2111 Hibera,

145 2117 212 2170 In
251 2118 455 2171 montis
497 2116 612 2170 abit
653 2120 815 2186 atque
854 2117 1042 2170 uolens
1082 2115 1327 2186 palantia
1366 2117 1565 2187 linquit
1750 2130 1838 2171 480

147 2193 402 2262 Agmina.
467 2190 694 2244 desertis
734 2190 925 2243 Latius
965 2191 1210 2244 uictricia
1250 2190 1409 2260 signa

267 2356 355 2396 455
387 2351 511 2410 foro]
536 2350 635 2396 fero
656 2356 682 2393 S
708 2377 762 2383 —
790 2364 896 2394 cum
928 2350 1103 2408 dulcia]
1139 2349 1267 2394 dulci
1300 2365 1404 2394 cum
1424 2355 1450 2393 S
1476 2375 1530 2382 —
1557 2349 1763 2395 soluerat
1778 2355 1839 2394 eh

146 2410 350 2456 solueret
383 2416 409 2453 8
555 2415 641 2455 456
672 2409 827 2455 neleia
857 2415 924 2452 LF
973 2409 1141 2466 uoleya
1174 2414 1205 2452 0
1251 2409 1406 2453 ueleia
1436 2414 1474 2452 V
1505 2435 1562 2442 —
1593 2408 1736 2454 mella
1767 2414 1839 2452 cm

143 2470 235 2526 Ep.
265 2475 293 2515 7
316 2475 384 2513 LF
417 2469 627 2514 membra
652 2473 723 2512 0V
745 2470 822 2523 (T.
846 2483 892 2525 p.
918 2471 1036 2525 224)
1096 2473 1184 2513 458
1215 2470 1269 2512 ut
1292 2474 1365 2511 cm
1389 2470 1418 2515 l.
1444 2469 1470 2513 l.
1533 2472 1621 2513 459
1654 2467 1837 2512 subitae

145 2530 321 2585 (tubae)
355 2530 428 2573 uel
460 2528 639 2573 subitas
673 2529 844 2584 (auris)
877 2528 1103 2573 Heinsius
1280 2532 1367 2572 463
1409 2528 1458 2572 et
1494 2527 1670 2572 furtiua.
1700 2531 1836 2570 ehu·

146 2603 169 2631 e
202 2587 382 2632 furtiua
415 2592 486 2631 0V
519 2614 574 2620 —
607 2588 711 2632 luce
745 2591 816 2630 ΟΥ
862 2586 957 2631 luci
996 2591 1100 2630 chL
1146 2587 1224 2630 luo
1249 2592 1283 2629 F
1333 2600 1357 2630 e
1393 2585 1568 2630 furtiuo
1599 2611 1657 2619 —
1689 2587 1837 2631 lustro

144 2647 394 2692 Burmann
427 2660 450 2690 e
476 2646 652 2691 furtiuo
670 2646 850 2690 —luco
869 2646 1052 2691 Gronov
1077 2650 1119 2691 et
1134 2646 1359 2691 Heinsius
1449 2650 1535 2690 467
1553 2644 1760 2689 Murrum
1778 2650 1838 2687 eh

147 2730 202 2737 -
235 2707 397 2750 tracen
436 2710 543 2748 Lov
596 2707 775 2750 tracem
818 2710 852 2747 F
884 2730 940 2738 —-
975 2705 1154 2749 dimisit
1183 2708 1221 2747 V
1401 2708 1487 2748 468
1527 2704 1697 2748 dracen
1726 2707 1835 2746 FOV

146 2763 294 2808 daeen
347 2770 379 2806 1.
437 2790 491 2796 —
547 2765 815 2822 rogantem]
868 2767 1119 2821 negantem
1172 2764 1318 2808 Bothe
1384 2765 1642 2807 morantem
1703 2762 1838 2807 Thilo

144 2827 232 2867 470
276 2822 460 2867 absciso
510 2827 571 2866 ch
749 2827 834 2868 471
884 2822 933 2866 in
980 2837 1111 2867 arma
1156 2824 1303 2868 Bothe
1480 2826 1566 2865 477
1615 2823 1764 2865 artem
1809 2827 1835 2863 s

145 2886 232 2927 479
265 2895 431 2939 parma
458 2886 528 2924 0V
560 2882 724 2938 peruia
747 2888 779 2924 L
812 2881 977 2939 pai-uia
999 2887 1034 2924 Ε·
1133 2886 1221 2926 480
1245 2882 1409 2926 uolens
1437 2888 1461 2925 S
1492 2880 1655 2925 uolans
1681 2880 1835 2937 uulyo,

143 2941 263 2999 quod
287 2941 418 2998 prob.
450 2940 590 2986 Blass
