1988 3190
164 112 273 165 104
833 109 944 156 SILI
974 108 1196 156 ITALICI

162 249 424 302 Tartarea
464 250 628 317 atque
666 247 877 300 haustis
915 245 1167 316 populari
1207 248 1387 300 castra
1426 245 1693 315 maniplis,

163 322 373 376 Arebat
412 321 619 393 lingua,
658 324 713 374 et
753 321 961 392 gelidus
1001 339 1098 391 per
1137 319 1347 373 uiscera
1387 319 1550 373 sudor

163 394 402 465 Corpore
442 395 704 448 manabat
741 395 999 464 tremu103
1042 393 1364 448 descendere
1401 392 1586 447 fauces
1768 440 1771 442 .

165 471 487 524 Abnuerant
528 469 699 524 siccae
739 470 1008 523 iussorum
1050 468 1308 522 alimenta
1347 467 1604 521 ciborum.
1769 481 1856 522 600

161 545 376 614 Aspera
412 544 723 614 pulmonem
761 543 927 597 tussis
967 542 1156 612 quatit,
1197 546 1252 595 et
1288 560 1386 611 per
1426 541 1624 594 anhela

161 619 362 690 Igneus
403 617 620 671 efflatur
660 618 942 671 sitientum
984 617 1208 686 spiritus
1249 634 1358 669 ora.

163 693 412 763 Lumina,
450 691 591 745 ferre
624 709 848 762 grauem
887 691 979 745 uix
1020 690 1346 744 sufficientia
1382 690 1575 757 lucem,

164 766 321 821 Unca
359 784 490 819 nare
529 766 725 835 iacent,
765 766 1050 836 saniesque
1089 764 1338 818 immixta
1377 781 1567 817 cruore

164 841 449 911 Expuitur,
489 841 853 910 membrisque
893 839 1031 894 cutis
1071 839 1212 909 tegit
1251 856 1376 892 ossa
1413 837 1635 907 peresis.
1769 850 1856 892 605

162 915 287 968 Heu
327 915 503 969 dolor!
544 914 776 984 insignis
815 914 963 968 notis
1003 913 1242 967 bellator
1279 913 1337 965 in
1376 912 1541 965 armis

164 989 376 1060 Ignauo
418 989 629 1058 rapitur
669 989 797 1042 leto.
859 989 1132 1041 iactantur
1170 988 1228 1040 in
1266 987 1450 1056 ignem

164 1063 324 1117 Dona
365 1063 600 1132 superba
638 1062 838 1131 uirum,
877 1062 1052 1115 multo
1091 1061 1342 1114 Mauorte
1382 1062 1592 1129 parata.

168 1136 463 1191 Succubuit
502 1136 769 1190 medicina
808 1135 981 1189 maliS.
1044 1135 1386 1189 cumulantur
1425 1151 1618 1186 aceruo

166 1211 474 1265 Labentum
516 1213 569 1264 et
608 1227 808 1281 magno
849 1211 1053 1263 cineres
1094 1226 1210 1262 sese
1250 1225 1446 1278 aggere
1485 1207 1704 1261 tollunt.
1770 1220 1857 1261 610

166 1285 379 1338 Passim
421 1284 586 1338 etiam
629 1284 842 1338 deserta
881 1284 1060 1336 iacent
1098 1283 1489 1351 inhumataque
1528 1281 1640 1334 late

168 1359 426 1429 Corpora,
464 1358 751 1429 pestiferos
791 1357 1041 1427 tetigisse
1080 1356 1400 1410 timentibus
1441 1357 1607 1409 artus,

170 1433 351 1503 Serpit
390 1434 659 1502 pascendo
701 1450 942 1485 crescens
981 1430 1281 1484 Acherusia
1318 1429 1487 1500 pestis

168 1507 283 1562 Nec
322 1507 525 1560 leuiore
567 1508 743 1576 quatit
783 1506 1063 1559 Trinacria
1102 1504 1316 1558 moenia
1354 1505 1504 1557 luctu

75 1647 78 1649 ¹
168 1582 582 1650 Poenorumque
622 1599 807 1650 parem
847 1580 1040 1633 castris
1080 1578 1188 1632 sert
1226 1581 1347 1632 atra
1385 1578 1646 1631 laborem.
1771 1589 1858 1631 615

167 1655 419 1725 Aequato
460 1674 560 1726 par
598 1655 762 1708 exitio
804 1658 858 1707 et
897 1653 1198 1707 communis
1237 1653 1436 1721 ubique

164 1731 253 1783 Ira
294 1730 452 1782 deum
493 1733 654 1798 atque
696 1729 880 1781 eadem
921 1728 1016 1780 leti
1057 1729 1308 1780 uersatur
1337 1725 1536 1795 imago,
1618 1722 1626 1731 “

241 1802 414 1857 Nulla
453 1807 639 1856 tamen
678 1802 865 1855 Latios
905 1801 1072 1871 fregit
1110 1801 1194 1852 uis
1235 1800 1370 1852 dura
1408 1799 1692 1866 malorum,

165 1877 433 1930 Incolumi
473 1878 711 1945 ductore,
750 1877 914 1944 uirOS,
954 1874 1265 1943 clademque
1304 1872 1553 1942 rependit

165 1950 349 2005 Unum
381 1951 523 2003 inter
557 1954 767 2020 strages
801 1952 977 2002 tutum
1010 1950 1186 2017 caput.
1249 1949 1311 2000 ut
1350 1945 1533 2014 grauis
1567 1962 1696 2015 ergo
1771 1958 1857 1999 620

162 2024 407 2078 Primum
448 2023 691 2077 letiferos
731 2022 993 2093 repressit
1035 2021 1206 2075 Sirius
1248 2023 1444 2087 aestus,

164 2099 241 2153 Et
281 2100 519 2151 minuere
561 2097 750 2151 auidae
791 2096 983 2150 mortis
1024 2094 1278 2166 contagia
1317 2098 1519 2163 pestes:

166 2172 292 2242 Ceu,
333 2173 537 2225 sidente
576 2171 725 2225 Noto
765 2189 887 2224 cum
930 2189 985 2224 se
1025 2170 1198 2222 maria
1236 2169 1348 2222 alt-a
1387 2169 1671 2236 reponunt,

164 2246 434 2318 Propulsa
472 2246 682 2299 inuadit
720 2246 957 2314 piscator
996 2243 1210 2297 caerula
1248 2242 1463 2295 cumba:

166 2320 255 2374 Sic
295 2321 516 2374 tandem
558 2322 798 2389 ereptam
840 2318 1044 2372 morbis
1086 2315 1462 2386 grassantibus
1504 2316 1681 2367 armat
1771 2325 1856 2366 625

286 2516 369 2555 597
411 2509 591 2554 haustis
632 2514 702 2553 ov
750 2508 898 2553 austis
930 2513 998 2550 1.1··
1036 2508 1115 2561 (ef.
1147 2521 1192 2551 u.
1226 2507 1339 2560 476)
1506 2507 1608 2548 ’598
1649 2500 1859 2546 Ardebat

166 2570 367 2626 Ruperti
529 2573 614 2613 599
646 2573 688 2614 et
721 2572 807 2613 600
838 2567 964 2612 sauci
994 2567 1067 2611 uel
1097 2565 1232 2609 fauce
1272 2564 1393 2608 sicca
1431 2562 1656 2613 Heinsius
1700 2559 1859 2605 fauces

168 2629 315 2672 siccas
341 2628 668 2673 Drakenborch
698 2626 728 2670 f.
757 2629 947 2684 saeptae
964 2625 1163 2682 Ruperti
1185 2623 1486 2667 —iustorum
1509 2621 1584 2666 uel
1607 2618 1855 2664 missorum

165 2688 354 2744 quidam
393 2702 466 2743 ap.
500 2687 819 2743 Dausqueium
850 2711 904 2718 --
937 2684 1215 2729 Abnuerunt
1253 2683 1383 2726 ustae
1423 2680 1650 2725 siccorum
1690 2677 1764 2722 uel
1801 2676 1855 2722 A.

168 2745 315 2791 siccas
347 2745 599 2790 introrsum
625 2746 765 2790 Blass
827 2748 910 2789 607
937 2742 1193 2800 iactantur]
1224 2740 1461 2786 nictantur
1486 2743 1512 2781 S
1575 2741 1659 2783 608
1683 2735 1854 2793 multo]

168 2803 352 2849 inuulto
383 2809 417 2846 F
480 2809 565 2848 609
599 2804 755 2848 acerui
790 2803 1014 2848 Heinsius
1045 2807 1085 2846 et
1116 2801 1321 2858 Sealiyer
1390 2802 1475 2843 618
1509 2796 1610 2862 dira
1632 2795 1858 2840 Heinsius

169 2868 255 2908 620
289 2876 399 2918 ergo
431 2867 537 2905 LOV
578 2876 691 2918 egro
724 2868 758 2904 F
797 2875 937 2918 aegre
969 2861 1193 2906 Heinsius
1313 2862 1396 2902 622
1429 2857 1490 2901 Et
1519 2867 1724 2899 minuere
1756 2857 1858 2896 0111.

168 2922 230 2967 Et
262 2921 468 2966 numiere
493 2926 526 2963 F
566 2920 629 2964 Et
651 2922 846 2965 timuere
866 2924 936 2963 ΟΥ
1009 2924 1095 2964 624
1120 2918 1288 2962 cumba
1303 2921 1370 2959 ΒΕ
1403 2914 1603 2959 cimbao
1637 2913 1856 2970 cymbav
