1988 3190
187 127 291 181 148
849 129 963 174 s1L1
995 131 1222 179 ITALICI

182 262 453 334 Pronique
486 282 548 318 ac
589 264 792 318 similes
833 266 1168 320 certantibus
1211 285 1303 321 ore
1343 271 1599 322 secuntur
1785 285 1873 326 320

184 336 423 407 Quisque
463 356 589 391 suos
631 356 818 391 currus
859 357 1161 411 magnaque
1199 341 1514 395 uolantibus
1554 342 1697 397 idem

183 410 330 465 Uoce
370 412 623 465 locuntur
664 412 831 482 equis,
894 413 1137 483 quatitur
1177 416 1471 469 certamine
1509 416 1681 471 circus

185 482 522 556 Certantum,
563 504 623 539 ac
661 486 800 540 nulli
838 491 1074 541 mentem
1111 506 1222 542 non
1259 489 1490 542 abstulit
1529 491 1703 546 ardor.

183 558 401 612 Instant
439 560 760 628 praecipites
803 563 873 626 et,
895 579 1061 631 equos
1102 562 1338 616 clamore
1378 564 1698 633 gubernant.

180 631 404 704 Fuluus„
441 634 710 687 harenosa
749 651 977 704 surgens
1017 636 1226 704 tellure,
1267 637 1365 690 sub
1407 656 1565 691 auras
1784 653 1871 694 325

177 705 430 777 Erigitur
471 707 667 778 globus
709 711 871 779 atque
912 710 1090 778 operit
1128 710 1360 779 caligine
1400 711 1566 764 densa

179 777 650 851 Cornipedumque
689 781 806 835 uias
846 782 1267 854 aurigarumque
1306 784 1537 838 labores.

176 853 281 907 Hic
322 855 500 908 studio
540 855 674 909 furit
713 856 853 909 acris
895 857 1034 927 equi,
1071 856 1206 910 furit
1243 858 1334 910 ille
1373 859 1640 929 magistri.

176 927 293 981 Hos
332 930 544 998 patriae
583 929 755 999 fauor,
793 930 894 984 hos
935 932 1178 984 accendit
1214 932 1397 985 nobile
1435 951 1635 986 nomen

178 1002 405 1071 Antiqui
446 1003 660 1057 stabuli.
724 1007 865 1074 sunt,
905 1023 1039 1073 quos
1081 1023 1203 1074 spes
1244 1009 1401 1076 grata
1438 1006 1639 1078 fatiget
1780 1022 1868 1063 330

175 1074 252 1127 Et
291 1094 435 1130 noua
474 1077 614 1130 ferre
654 1078 844 1147 iugum
883 1078 1080 1133 ceruix,
1143 1083 1285 1147 sunt,
1325 1079 1489 1133 cruda
1527 1084 1775 1135 senectus

175 1148 320 1212 Quos
361 1150 512 1203 iuuet
551 1154 606 1202 et
643 1151 807 1220 longo
849 1151 1064 1221 sonipes
1107 1155 1382 1222 spectatus
1421 1154 1479 1206 in
1519 1173 1667 1207 aeuo,

173 1222 377 1276 Euolat
418 1227 542 1277 ante
584 1224 758 1277 omnis
798 1225 1090 1294 rapidoque
1129 1244 1225 1295 per
1265 1244 1391 1279 aera
1430 1245 1590 1280 curru

175 1295 443 1351 Callaicus
483 1297 732 1367 Lampon
771 1297 915 1368 fugit
954 1302 1114 1369 atque
1153 1300 1399 1369 ingentia
1437 1303 1620 1354 tranat

173 1370 440 1424 Exultans
483 1372 669 1440 spatia·
702 1374 758 1424 et
796 1375 989 1426 uentos
1028 1377 1155 1442 post
1192 1376 1351 1444 terga
1389 1375 1660 1445 relinquit.
1776 1387 1864 1429 335

174 1443 533 1498 Conclamant
570 1445 870 1515 plausuque
909 1446 1148 1500 fremunt
1187 1449 1412 1517 uotique
1453 1451 1731 1518 peractam

173 1517 436 1572 Maiorem
478 1519 703 1572 credunt
741 1523 1027 1590 praerepto
1069 1520 1241 1573 limite
1279 1524 1508 1591 partem.

173 1591 268 1658 At,
308 1593 427 1661 quis
467 1593 694 1646 interior
733 1611 860 1646 cura
900 1599 954 1646 et
992 1594 1279 1663 prudentia
1319 1595 1447 1648 circi

174 1664 371 1735 Altior,
412 1667 609 1719 effusas
649 1667 824 1736 primo
866 1668 1157 1721 certamine
1198 1668 1340 1721 uires

171 1738 445 1793 Damnare
486 1743 540 1793 et
579 1740 747 1793 cassis
788 1741 951 1811 longe
990 1741 1311 1811 increpitare
1352 1743 1582 1811 querelis
1773 1757 1864 1798 340

171 1811 551 1882 Indispensato
590 1815 887 1867 lassantem
928 1833 1156 1883 corpora
1195 1815 1339 1868 nisu:

171 1885 317 1948 ‘Quo
342 1887 557 1953 nimiUS,
583 1905 704 1956 qu0,
722 1886 914 1956 Cyme,
938 1888 1086 1940 ruis‘?
1111 1919 1173 1926 —
1192 1907 1321 1940 nam
1339 1888 1548 1957 Cyrnus
1574 1890 1772 1960 agebat
1792 1921 1854 1929 —

172 1958 416 2013 Uerbera
457 1960 669 2012 dimitte
710 1966 765 2012 et
803 1979 998 2013 reuoca
1031 1962 1337 2014 moderatus
1377 1962 1654 2016 habenas?

171 2032 293 2086 Heu
334 2034 520 2086 surdas
562 2034 741 2087 aures!
795 2033 968 2087 fertur
1008 2052 1225 2087 securus
1267 2053 1525 2104 equorum

170 2105 285 2159 Nec
326 2107 589 2173 meminit,
630 2111 891 2176 quantum
933 2109 1110 2176 campi
1149 2109 1425 2162 decurrere
1464 2112 1645 2163 restet.
1774 2124 1860 2163 345

246 2180 548 2250 ProximuS‚
589 2199 620 2233 a
654 2182 825 2249 primo
860 2181 1081 2250 distans,
1114 2185 1374 2251 quantum
1410 2201 1640 2252 aequore
1673 2201 1859 2237 currus

171 2253 411 2322 Occupat
450 2254 581 2323 ipse,
620 2254 725 2308 loci
765 2258 1007 2325 tantum,
1049 2256 1142 2308 sed
1180 2256 1458 2325 proximus
1497 2257 1614 2309 ibat

290 2402 376 2443 320
411 2398 725 2458 certantibus]
759 2398 1048 2455 agitantibus
1091 2401 1282 2458 Bentley
1493 2405 1577 2445 321
1615 2415 1771 2447 cursus
1803 2406 1863 2445 eh

172 2461 257 2501 322
290 2457 507 2501 locuntur
538 2463 605 2500 ΒΕ
655 2458 908 2514 loquuntur
941 2463 1011 2501 ΟΥ
1044 2485 1099 2491 -
1133 2459 1404 2516 certamine]
1445 2461 1685 2505 conamine
1717 2461 1863 2506 Bothe

178 2520 263 2559 323
299 2514 593 2574 Certantum]
627 2517 910 2561 Hortantum
942 2518 1136 2576 Bentley
1167 2523 1208 2562 et
1237 2518 1449 2575 Ruperti,
1482 2520 1564 2576 qui
1594 2523 1635 2563 et
1667 2519 1863 2564 caeden-

172 2578 273 2618 tum
306 2576 423 2620 coni.
549 2579 636 2620 324
667 2576 947 2632 praecipites
973 2577 1163 2621 Modins
1186 2578 1356 2634 aliique
1387 2578 1650 2635 praeceptis
1676 2582 1716 2633 Β,
1742 2579 1863 2635 quod

167 2634 298 2688 prob.
342 2633 536 2692 Bentley
747 2639 831 2678 333
880 2636 1108 2691 raptoque
1151 2636 1376 2680 Heinsius
1409 2662 1461 2668 -
1496 2635 1626 2694 aera]
1659 2650 1863 2693 aequora

175 2691 402 2736 Schrader
433 2718 490 2725 —
526 2706 662 2736 curru
688 2697 823 2736 chLF
855 2707 991 2738 cursu
1017 2698 1088 2737 ΟΥ
1158 2699 1244 2738 334
1276 2696 1452 2751 Lampo
1479 2699 1538 2737 eh
1617 2700 1703 2740 337
1727 2708 1863 2752 prae-

172 2752 305 2805 repto
323 2755 429 2792 LFV
461 2753 715 2808 praecepto
735 2756 765 2794 0
791 2777 845 2784 -—
871 2756 1122 2809 praecepto
1153 2752 1313 2797 limine
1338 2754 1562 2798 Heinsius
1629 2759 1715 2798 339
1740 2754 1860 2797 uires

174 2812 246 2850 cm
277 2808 369 2864 Ep.
395 2814 453 2853 19
639 2815 722 2854 342
763 2810 953 2869 nimius]
997 2812 1149 2855 minus
1181 2816 1282 2854 LFo
1331 2811 1498 2856 mimus
1531 2816 1569 2854 V
1600 2837 1656 2844 —
1689 2811 1859 2870 Cyrne]

173 2866 298 2909 crine
338 2872 369 2908 1.
420 2881 561 2923 cryne
603 2874 636 2911 F
683 2883 817 2914 cerne
858 2874 928 2912 0V
960 2896 1015 2902 —
1048 2871 1142 2914 ruit
1181 2875 1206 2912 S
1245 2896 1293 2903 -
1328 2869 1521 2928 Cyrnus]
1564 2869 1716 2914 crinus
1753 2874 1861 2913 Lrv

173 2923 311 2969 erinis
350 2930 379 2967 0
