1988 3190
119 104 196 159 56
791 104 905 150 SlLI
936 105 1164 151 ITALICI

124 240 366 312 Corpore
404 242 717 312 perlustrat,
758 260 864 311 qua
900 240 973 295 sit
1010 241 1312 296 certissima
1349 242 1492 297 ferro
1729 257 1813 298 164

121 315 192 370 In
230 317 428 370 uulnus
468 316 572 369 uia.
635 334 782 369 nunc
819 316 1017 386 uibrat,
1063 334 1206 370 nunc
1245 318 1556 387 comprimit
1598 318 1816 372 hastam

124 390 499 460 Mentiturque
538 390 738 461 minas3
778 390 1009 443 mediam
1047 392 1178 444 tunc
1217 391 1436 444 transiit
1473 392 1587 446 ictu

123 464 396 535 Parmam,
436 464 530 518 sed
572 467 731 535 grato
771 464 1026 518 fraudata
1065 467 1149 517 est
1188 465 1449 535 sanguine
1489 467 1684 537 cuspiS.

126 539 270 592 'I'um
310 539 561 593 strictum
600 556 830 609 propere
868 538 1071 609 uagina
1107 539 1314 609 detegit
1353 558 1551 595 ensem.

123 613 203 667 Et
242 613 351 667 iam
392 613 595 666 ferrata
634 613 883 682 rapiebat
922 613 1068 666 calce
1107 613 1386 668 uolantem

123 689 334 741 Taurea
374 686 736 757 cornipedem,
773 686 989 757 fugiens
1029 686 1338 740 minitantia
1374 687 1507 741 fata.
1733 702 1818 743 170

128 762 208 816 At
246 761 484 815 Rutulus
524 761 700 815 leuior
740 761 978 814 cedentis
1017 761 1278 830 prendere
1317 765 1476 831 terga

122 835 242 889 Iam
281 835 516 906 profugo
556 835 775 904 rapidus
814 835 950 888 fusis
989 834 1232 888 instabat
1269 836 1514 890 habenis,

126 910 314 980 thue
354 915 531 963 metus
570 910 794 979 uictum,
835 910 911 963 sic
949 909 1033 963 ira
1071 912 1126 962 et
1164 911 1340 979 gloria
1377 910 1552 981 portis

126 984 410 1039 Uictorem
448 984 677 1037 immisit
715 984 1004 1053 meritique
1044 984 1237 1052 cupido
1278 984 1499 1037 cruoris

124 1057 209 1112 Ac
251 1059 377 1111 dum
416 1059 510 1111 uix
550 1058 733 1127 oculiS,
772 1058 864 1111 uix
903 1057 1126 1110 credunt
1167 1058 1437 1112 mentibus
1477 1058 1693 1113 hostem
1734 1071 1819 1113 175

129 1132 408 1187 Confisum
446 1133 598 1185 nullo
639 1133 936 1186 comitante
974 1131 1270 1200 irrumpere
1309 1133 1487 1199 tectiS,

125 1206 234 1260 Per
275 1206 507 1260 mediam
548 1225 775 1276 propere
814 1205 1186 1275 trepidantum
1226 1206 1505 1260 interritus
1546 1206 1735 1260 urbem

124 1281 262 1352 Egit
301 1300 501 1350 equum
540 1281 874 1350 aduersaque
916 1281 1089 1332 euasit
1129 1280 1195 1332 ad
1235 1280 1456 1350 agmina
1491 1284 1666 1351 porta.

203 1355 349 1408 Hinc
388 1356 578 1408 ardore
618 1355 737 1423 pari
774 1355 1002 1423 nisuque
1043 1354 1316 1407 incurrere
1355 1356 1524 1408 muris

126 1429 430 1501 Ignescunt
470 1428 638 1482 animi
675 1431 1067 1498 penetrataque
1106 1431 1250 1481 tecta
1290 1429 1488 1482 subire.
1736 1444 1821 1484 180

129 1503 265 1557 Tela
305 1503 467 1556 simul
506 1503 863 1572 flammaeque
902 1504 1121 1555 micant.
1171 1505 1301 1556 tunc
1341 1521 1533 1556 saxeus
1571 1503 1748 1558 imber

130 1578 361 1647 Ingruit,
403 1580 457 1630 et
496 1578 720 1630 summis
763 1577 1060 1630 ascendunt
1098 1577 1340 1629 turribus
1379 1577 1584 1631 hastae.

126 1651 247 1705 Nec
286 1671 516 1721 pronum
557 1651 788 1704 audendi
827 1651 1087 1703 uirtutem
1128 1650 1387 1704 excellere
1427 1653 1702 1723 cuiquam3

132 1728 457 1795 Aequarunt
495 1726 607 1778 irae
649 1726 881 1778 dextras.
942 1724 1170 1777 Dictaea
1207 1743 1306 1794 per
1344 1743 1501 1778 auras

128 1801 335 1853 Tranat
375 1804 429 1853 et
467 1801 525 1851 in
563 1799 800 1852 medium
838 1797 1141 1867 perlabitur
1180 1798 1329 1851 urbis
1370 1799 1631 1853 harundo.
1738 1814 1821 1855 185

126 1872 393 1927 Laetatur
432 1891 543 1925 non
583 1872 853 1939 hortandi,
894 1890 1003 1924 non
1041 1872 1198 1941 plura
1238 1872 1492 1925 monendi

127 1946 358 2001 Fuluius
399 1965 517 1999 esse
557 1947 752 1999 locum.
814 1945 1034 2014 rapiunt
1075 1945 1181 1998 sibi
1223 1945 1449 2015 quisque
1491 1947 1748 2002 laborem.

133 2021 282 2081 Quos
323 2020 417 2073 ubi
455 2024 571 2073 tam
612 2024 819 2073 erectos
862 2019 1030 2072 animi
1068 2019 1232 2088 uidet,
1273 2022 1327 2072 et
1368 2038 1530 2089 super
1569 2039 1688 2075 esse

253 2157 337 2197 165
371 2152 517 2197 librat
548 2150 772 2195 Heinsius
851 2155 935 2195 166
967 2148 1254 2205 Metitur-que
1285 2151 1431 2195 Bothe
1463 2177 1518 2184 —-
1549 2152 1740 2198 transiit
1762 2158 1825 2198 ch

129 2213 212 2270 (cf.
244 2213 519 2257 Lachmann
551 2213 613 2255 ad
637 2210 779 2255 Lucr.
805 2210 905 2254 III.
931 2213 1054 2254 1042
1080 2213 1122 2253 et
1144 2209 1198 2254 L.
1226 2209 1400 2254 Mu‘ller
1424 2210 1468 2255 d.
1493 2225 1530 2255 r.
1556 2225 1612 2256 m.
1631 2226 1682 2269 p.
1708 2216 1824 2269 325)

129 2271 354 2330 transigit
369 2276 437 2314 1ιῖ
470 2270 706 2326 transfigit
724 2274 795 2313 OV
828 2294 882 2301 -
917 2266 1235 2324 Mentitusque
1262 2284 1321 2314 m.
1349 2294 1404 2301 —
1429 2268 1652 2326 transigit
1675 2271 1823 2316 Hein-

129 2334 228 2377 sius
381 2335 465 2375 167
514 2329 754 2386 fraudata]
802 2326 1001 2371 fundata
1041 2331 1068 2369 S
1221 2331 1305 2372 168
1354 2326 1530 2384 deripit
1573 2329 1824 2376 Burmann

132 2394 194 2447 (et
224 2392 291 2436 sic
314 2392 410 2435 cod.
446 2389 578 2446 Tell.)
680 2392 763 2432 169
795 2386 1030 2442 rapiebat]
1065 2385 1309 2441 quatiebat
1340 2387 1565 2431 Heinsius
1611 2387 1825 2433 fodiebat

127 2450 461 2495 Drakenborch
595 2451 678 2492 171
713 2447 776 2490 At
812 2446 946 2490 Thilo
978 2446 1075 2489 Nec
1108 2449 1135 2487 8
1168 2469 1224 2478 —-
1258 2444 1476 2490 cedentia
1506 2445 1733 2492 Heinsius
1766 2473 1823 2481 -

133 2510 364 2567 prendere
389 2514 461 2551 cm
484 2507 576 2564 Ep.
605 2511 669 2552 62
703 2505 901 2563 prodere
924 2509 992 2547 LF
1025 2504 1218 2561 perdere
1245 2508 1316 2547 OV
1457 2508 1540 2548 172
1572 2506 1671 2550 Iam
1694 2507 1822 2553 Bwr-

128 2583 273 2616 mann
304 2573 345 2612 et
380 2568 514 2611 Thilo
559 2567 682 2610 Nam
716 2570 742 2607 S
881 2568 965 2607 178
998 2576 1257 2619 auersaque
1289 2563 1516 2608 Heinsius
1657 2569 1741 2610 182
1775 2568 1824 2611 et

130 2627 304 2672 missae
337 2626 592 2671 succedunt
621 2627 655 2670 t.
689 2625 736 2671 h.
769 2623 1026 2667 Markland
1056 2621 1149 2677 Ep.
1175 2623 1274 2667 crit.
1294 2637 1346 2679 p.
1370 2625 1432 2667 42
1458 2647 1515 2655 —
1540 2625 1821 2683 ascendunt]

129 2686 368 2731 adduntur
391 2685 618 2729 Heinsius
658 2683 887 2728 accedunt
917 2683 990 2726 uel
1021 2681 1277 2725 funduntur
1299 2682 1626 2726 Drakenborch
1664 2683 1822 2728 desce-

131 2746 250 2790 dunt
271 2745 521 2789 Burmann
553 2743 826 2788 adstantum
858 2740 1040 2794 Withof
1108 2744 1192 2784 183
1217 2739 1410 2784 audenti
1440 2739 1641 2796 Ruperti
1662 2754 1700 2786 c.
1724 2743 1821 2787 cod.

134 2805 247 2849 Put.
265 2829 320 2836 —
339 2803 561 2846 uirtutem
574 2807 677 2845 1,Ἑο
703 2799 877 2844 uirtute
889 2805 927 2843 V
947 2799 1149 2844 audendi
1165 2800 1387 2842 uirtutem
1407 2799 1657 2844 extendere
1671 2799 1822 2844 Hein-

132 2865 231 2910 sius
248 2862 440 2907 audenti
458 2860 683 2905 uirtutem
698 2859 943 2905 ostendere
952 2859 1202 2902 Burmann
1254 2862 1336 2902 188
1353 2857 1501 2911 Quam
1515 2861 1542 2900 8
1557 2884 1605 2889 -
1621 2859 1821 2918 erectos]

136 2924 290 2968 certos
316 2921 543 2967 Schrader
566 2945 622 2952 —
649 2920 857 2963 animum
881 2922 951 2961 ov
1029 2921 1114 2962 188
1140 2931 1279 2973 super
1303 2929 1403 2960 esse
1426 2929 1511 2961 scr.
1537 2930 1778 2974 superesse
1797 2924 1823 2962 8
