1988 3190
530 169 890 216 PUNIGORUM
919 170 1103 215 LIBER
1133 169 1276 216 XVII.
1641 170 1747 223 173

59 306 185 362 Non
221 307 342 376 ipso
383 306 560 359 minus
602 323 726 359 ense
764 307 935 376 tuum,
971 305 1267 358 fortissime
1305 302 1547 359 Poenum
1661 319 1747 359 310

57 380 104 434 Ο
144 381 376 448 iuuenis3
419 380 634 449 qualem
672 379 800 448 uidi,
838 397 959 432 cum
997 379 1216 432 flumine
1258 397 1419 433 saeuo

55 454 296 526 Insignis
336 454 564 507 Trebiae
605 454 942 522 complexum
981 453 1295 523 ingentibus
1335 453 1478 522 ulnis

55 527 299 582 Mersisti
335 528 500 581 fundo
541 528 838 580 luctantem
877 545 1019 580 uana
1057 527 1351 580 tribunum.

60 603 136 656 At
173 606 251 672 tu,
291 603 382 672 qui
424 602 631 672 gelidas
670 601 844 655 Ticini
882 601 1090 671 primus
1131 601 1196 655 ad
1235 601 1407 653 undas

60 675 340 746 Scipiadae
380 675 554 745 patris
593 675 807 728 tinxisti
848 675 1110 745 sanguine
1148 674 1368 744 ferrum,
1660 686 1748 728 315

59 749 281 820 Incepta
320 767 580 820 exequere
621 752 674 801 et
711 748 828 802 nati
866 749 999 801 mihi
1036 749 1197 801 redde
1238 767 1498 801 cruorem.

57 824 456 878 Horrescamne
495 823 660 892 iPSOS,
698 822 922 876 ueniant
963 823 1008 875 si
1049 823 1116 875 ad
1155 822 1378 891 proelia,
1419 822 1589 892 diuos,

59 896 196 951 Cum
236 898 407 967 stetis,
445 900 671 967 turmae,
710 896 823 949 uidi
862 897 1198 950 contermina
1240 896 1390 950 caelo

60 971 206 1033 Quas
245 971 374 1042 iuga
413 971 673 1024 calcantis
714 989 952 1024 summas
993 971 1222 1023 uolitare
1261 988 1357 1040 per
1395 968 1569 1039 Alpis,

61 1044 197 1099 Cum
237 1046 464 1114 uideam,
504 1063 733 1113 quorum
770 1045 914 1097 ferro
953 1044 1309 1112 manibusque
1349 1061 1572 1113 capaces
1661 1056 1748 1097 320

58 1119 256 1172 Arsere
295 1118 604 1188 Argyripae
644 1118 859 1187 campi?
898 1137 1029 1171 num
1070 1118 1287 1188 segnior
1325 1117 1430 1170 ibis

57 1192 216 1246 Nunc
255 1192 406 1261 mihi,
445 1192 537 1261 qui
575 1192 781 1260 primus
821 1195 1043 1261 torques
1083 1191 1141 1243 in
1179 1190 1394 1244 moenia
1431 1191 1598 1243 telum

59 1265 329 1336 Dardana,
366 1284 466 1319 nec
502 1269 723 1319 nostrae
762 1266 935 1318 facilis
975 1265 1264 1318 concedere
1294 1264 1481 1317 laudi?

58 1340 134 1393 Τ6
173 1358 316 1405 uero,
355 1343 426 1408 te,
463 1343 518 1392 te
559 1340 887 1408 extimulem,
927 1339 1036 1408 qui,
1074 1338 1303 1391 fulmina
1343 1341 1533 1390 contra

61 1413 136 1466 Et
171 1414 386 1466 nimbos
426 1413 768 1481 tonitrusque
809 1431 872 1466 ac
912 1412 1109 1465 summi
1146 1411 1383 1464 numinis
1423 1411 1532 1463 iras
1662 1423 1749 1464 325
1784 1479 1786 1482 Ι

63 1485 200 1540 Cum
241 1490 465 1554 starem,
503 1486 741 1555 perferre
782 1504 943 1539 sonos
986 1504 1047 1538 ac
1079 1504 1219 1538 uana
1257 1485 1481 1538 iubebas

60 1560 266 1614 Nubila
305 1563 360 1613 et
400 1563 522 1612 ante
562 1560 751 1613 ducem
791 1558 1063 1628 Capitolia
1103 1560 1246 1612 celsa
1285 1558 1547 1628 petebas?

63 1633 203 1696 Quid
242 1652 358 1703 uos,
396 1633 515 1703 quis
556 1634 699 1686 claro
741 1633 975 1686 deletum
1020 1636 1103 1685 est
1139 1631 1314 1685 Marte
1356 1631 1677 1703 Saguntum,

61 1707 347 1774 Exhorter‚
388 1726 522 1777 quos
561 1706 858 1760 nobilitant
895 1706 1189 1776 primordia
1224 1706 1393 1759 belli?

60 1781 138 1834 Ut
176 1800 367 1850 meque
408 1783 463 1833 et
500 1780 656 1833 uobis
697 1780 935 1850 dignum,
974 1780 1257 1849 defendite,
1298 1798 1513 1849 quaeso,
1664 1793 1750 1833 330

66 1855 395 1908 Praeteritas
437 1854 626 1907 dextra
664 1854 865 1907 laudes.
921 1854 1104 1907 diuum
1143 1854 1259 1923 ipse
1297 1853 1484 1907 fauore

62 1928 443 1997 Uincendoque
484 1947 642 1981 senex
681 1929 913 1997 patriam
953 1931 1080 1997 post
1116 1928 1263 1981 trina
1301 1928 1580 1981 labantem

62 2001 263 2056 Lustra
302 2006 357 2055 et
392 2020 503 2055 non
539 2003 687 2055 uisos
725 2005 840 2054 tam
879 2002 1046 2071 longa
1086 2005 1263 2055 aetate
1303 2001 1516 2071 penatis

64 2079 146 2129 Ac
183 2080 372 2129 natum
413 2078 467 2128 et
505 2075 644 2128 fidae
683 2076 792 2128 iam
832 2075 1040 2143 pridem
1080 2075 1323 2146 coniugis
1366 2094 1474 2145 ora,

186 2270 272 2311 317
306 2264 347 2310 si
377 2267 494 2310 deest
523 2266 576 2308 in
609 2268 694 2319 ov,
726 2264 846 2321 quod
864 2264 994 2319 prob
1014 2263 1211 2319 Ruperti
1293 2267 1379 2307 318
1407 2265 1542 2307 stetis
1569 2266 1645 2319 (=
1670 2269 1754 2309 ste—

66 2326 195 2380 teris)
220 2329 254 2366 13·
272 2349 328 2356 —
347 2323 636 2368 contermina
658 2328 726 2365 m?
758 2321 1015 2367 certamina
1040 2326 1110 2364 ov
1238 2327 1323 2366 319
1359 2322 1596 2367 calcantes
1622 2323 1752 2378 Lese-

68 2385 177 2428 bure
218 2381 495 2426 calcastiss
616 2385 717 2424 318.
744 2386 830 2425 319
865 2381 979 2426 Cum
1012 2379 1197 2425 steteris
1228 2383 1413 2427 turma?
1445 2396 1489 2425 u.
1523 2382 1753 2426 certantia

68 2455 107 2486 c.
129 2442 244 2486 Cum
268 2441 380 2498 iuga
403 2439 621 2485 calcastis
636 2441 775 2498 uulyo
803 2439 916 2482 Cum
944 2440 1127 2483 steteris
1151 2453 1297 2496 prope
1321 2453 1395 2484 me
1419 2444 1498 2485 etc.
1516 2440 1755 2485 Nicander

53 2500 185 2545 'Cum
219 2501 350 2544 stetis
382 2513 466 2556 pro
497 2513 571 2543 me
589 2524 644 2530 —
662 2499 784 2543 Dum
813 2499 926 2555 iuga
954 2497 1145 2543 calcatis
1167 2498 1394 2543 Heinsius
1455 2503 1540 2542 322
1564 2501 1754 2553 torques

0 2599 1 2603 ,
70 2560 189 2605 deest
218 2560 271 2603 in
311 2562 341 2601 0
375 2583 431 2590 —-
463 2558 513 2601 in
550 2557 753 2615 moenia]
788 2557 913 2602 mino
949 2591 1107 2602 .....
1132 2560 1170 2598 V
1350 2560 1437 2601 324
1480 2557 1593 2601 Ten'
1625 2570 1751 2613 uero,

69 2619 176 2662 tene
201 2618 425 2662 Heinsius
458 2617 523 2660 Te
555 2630 680 2673 uero,
712 2618 820 2661 tene
844 2616 1048 2673 Scaliyer
1168 2620 1254 2660 326
1288 2629 1424 2660 sonos
1453 2629 1508 2660 ac
1539 2630 1663 2661 uana
1687 2621 1755 2659 LE·

72 2690 208 2721 seuos
240 2690 295 2721 ac
326 2689 450 2720 uana.
474 2679 504 2718 0
544 2675 677 2719 ferox
707 2688 763 2720 ac
794 2688 916 2719 uana
939 2679 990 2730 V,
1023 2675 1143 2719 unde
1173 2674 1291 2731 perf.
1321 2674 1452 2719 ferox
1484 2674 1601 2719 haec
1632 2688 1755 2720 uana

69 2736 143 2780 uel
174 2749 260 2780 ceu
289 2747 412 2778 uana
442 2734 667 2779 Heinsius
711 2736 810 2778 tam
841 2748 965 2778 uana
995 2734 1068 2777 uel
1100 2745 1155 2776 ea
1185 2746 1310 2776 uana
1344 2733 1527 2788 Withof
1570 2733 1754 2779 Albana.

70 2794 217 2839 Bothe
261 2796 471 2851 perstare
510 2793 640 2836 ferox
681 2793 740 2837 ad
779 2807 903 2837 uana
933 2791 1181 2836 Liuineius
1213 2817 1267 2824 —
1299 2791 1514 2850 iubebas]
1561 2792 1756 2838 uidebas

71 2854 138 2898 ed.
163 2854 294 2898 Rom.
327 2855 360 2897 2
387 2852 515 2908 prob.
541 2852 761 2906 Lefebure
807 2852 1004 2896 docebas
1036 2851 1330 2908 Dausqueius
1461 2856 1548 2895 328
1581 2851 1694 2906 Quis
1728 2857 1754 2894 s

74 2935 132 2943 —-
162 2925 247 2956 nos
280 2915 351 2954 ov
382 2935 439 2943 -
472 2910 627 2955 deleta
659 2923 698 2956 e.
730 2909 790 2956 M.
818 2909 1054 2967 Saguntus
1086 2910 1152 2954 ed.
1178 2910 1326 2954 Basil.
1351 2912 1473 2955 1522
1556 2915 1642 2955 329
1667 2911 1754 2954 Ex-

77 2970 201 3015 ortes
224 2974 332 3013 Lrv
364 2970 582 3014 Exsortes
608 2973 638 3012 0
743 2973 827 3014 331
861 2970 1049 3015 dextrae
1083 2972 1153 3011 ov
1260 2973 1346 3014 333
1377 2969 1525 3028 uisos]
1549 2969 1702 3014 uictos
1728 2973 1754 3012 Β
