1988 3190
605 126 786 171 PUNIC
794 125 969 171 ORUM
999 125 1181 170 LIBER
1210 125 1288 169 XI.
1748 126 1781 178 9

102 262 272 325 Quem
303 262 509 332 Libyae
549 264 726 315 rector
763 265 848 318 tot
889 262 1060 332 signa,
1098 265 1184 315 tot
1222 280 1375 315 arma
1413 261 1638 314 ferentis
1702 275 1786 314 210

105 336 462 408 Spernentem
501 336 832 405 increpitans
873 353 1073 406 magno
1115 336 1352 390 clamore
1391 335 1662 406 profatur:

103 411 265 464 ‘Post
302 410 547 479 Paulum,
587 412 712 479 post
750 408 1082 463 Flaminium
1122 410 1496 479 componimur
1537 409 1671 462 eheu

102 484 336 539 Uecordi
374 484 557 553 Deci0,
595 501 806 536 mecum
846 486 1081 537 certasse
1121 484 1329 537 uolenti

102 558 169 612 In
208 559 367 613 decus
408 561 463 611 et
499 556 704 611 famam
742 557 854 611 leti.
911 557 1104 627 rapite,
1143 557 1216 610 ite
1258 557 1427 626 citati,

105 632 288 704 Signa,
326 633 502 686 duces.
553 634 810 701 pateatne
849 631 986 684 mihi
1025 631 1302 700 Campana
1339 634 1562 684 uetante
1699 643 1784 683 215

102 706 248 761 Urbs
287 706 474 774 Deci0‚
512 706 794 774 explorare
834 705 984 774 libet,
1022 724 1166 758 noua
1205 705 1351 758 bella
1390 705 1631 759 mouenti

104 780 205 835 Oui
242 781 464 852 patuere
504 779 692 848 Alpe8‚
732 798 861 833 saxa
899 779 1238 847 impellentia
1276 780 1484 833 caelum

103 854 286 924 Atque
325 855 419 908 uni
458 853 668 907 calcata
707 853 840 907 deo.'
902 851 1212 907 Suffuderat
1251 872 1347 907 ora

106 927 358 999 SanguiS,
397 931 452 981 et
491 946 522 980 a
560 930 719 980 toruo
761 927 1058 998 surgebant
1096 927 1299 980 lumine
1330 927 1596 980 fiammae.

105 1002 244 1056 Tum
282 1004 449 1056 rictus
490 1019 747 1071 spumans
789 1004 843 1054 et
883 1001 1091 1054 anhelis
1131 1000 1377 1055 faucibus
1419 1004 1541 1055 act-a
1706 1012 1793 1054 220

105 1076 418 1131 Uersabant
454 1076 671 1144 penitus
712 1075 886 1128 dirum
929 1075 1162 1145 suspiria
1201 1093 1460 1128 murmur.

107 1149 194 1204 Sic
233 1151 423 1204 urbem
461 1151 724 1216 inuectUS‚
762 1152 881 1202 toto
921 1150 1217 1202 comitante
1258 1153 1464 1206 senatux

109 1225 184 1278 Et
222 1225 385 1295 uulgo
428 1225 493 1277 ad
535 1222 828 1293 spectanda
867 1223 1018 1276 ducis
1061 1223 1224 1276 simul
1264 1241 1359 1276 ora
1397 1226 1600 1290 ruente,

109 1299 358 1352 Effundit
395 1301 643 1351 cunctam
683 1297 890 1350 rabiem
929 1296 1237 1367 irarumque
1276 1297 1558 1366 procellas.

183 1372 409 1426 Necnon
448 1376 503 1425 et
540 1370 707 1424 Decio
747 1370 1003 1441 propiora
1041 1371 1280 1440 pericula
1320 1374 1558 1424 mentem
1711 1383 1794 1422 225

109 1446 502 1515 Flammarant,
540 1447 862 1514 tempusque
902 1444 1033 1497 adeo
1075 1444 1327 1498 cernebat
1366 1446 1568 1513 adesse7

113 1521 231 1583 Quo
271 1520 458 1579 laudes
500 1519 649 1573 ducis
689 1518 883 1571 inuicti
923 1521 1202 1587 superaret
1241 1518 1480 1571 inermis

114 1594 241 1649 Non
279 1594 435 1647 illum
474 1593 624 1662 fuga,
663 1610 775 1644 non
814 1592 986 1644 clausi
1025 1592 1305 1645 occuluere
1342 1595 1590 1661 penates3

118 1667 223 1721 Sed
262 1667 417 1737 liber,
454 1666 627 1719 ueluti
665 1665 849 1717 nullus
889 1667 1228 1733 penetrasset
1266 1665 1323 1717 in
1363 1666 1551 1719 urbem

116 1741 407 1809 Hannibal,
446 1739 714 1808 intrepido
758 1742 1072 1791 seruauerat
1110 1739 1223 1791 otia
1259 1739 1430 1807 uultu,
1714 1752 1799 1791 230

117 1816 254 1871 Cum
292 1815 543 1868 iuuenem
583 1813 775 1881 saeuiS,
813 1812 1157 1880 horrendum,
1189 1812 1429 1866 concitus
1472 1812 1637 1865 armis

114 1890 331 1943 Inuadit
369 1888 567 1959 globus
607 1890 661 1940 et
700 1886 926 1955 pedibus
950 1886 1196 1939 ‘sublime
1238 1886 1474 1939 sedentis

115 1963 367 2018 Ductoris
408 1961 572 2015 sistit.
624 1963 781 2013 tonat
819 1960 943 2012 inde
982 1960 1252 2013 ferocibus
1293 1960 1401 2012 alte

114 2038 398 2092 Incessens
438 2036 615 2088 uictor
654 2034 837 2087 dictis:
878 2032 1139 2087 ‘solusne
1178 2037 1424 2086 ruentem

20 2131 27 2158 ’-
117 2111 327 2166 Fulcire
369 2128 430 2163 ac
468 2126 721 2162 reuocare
761 2126 922 2176 paras
963 2127 995 2160 a
1034 2108 1220 2160 funere
1260 2106 1528 2161 Romam?
1717 2118 1803 2159 235

121 2185 165 2239 O
207 2183 447 2238 demens!
489 2201 569 2251 en,
610 2181 700 2251 qui
740 2181 922 2234 diuum
961 2181 1096 2233 mihi
1136 2199 1360 2234 munera
1397 2184 1553 2234 tanta

20 2303 31 2322 5.
118 2258 348 2328 Eripiat.
402 2256 570 2310 Decio
610 2273 830 2324 prorsus
872 2255 1127 2308 seruabar
1165 2255 1327 2308 inerti

20 2331 35 2375 {³⁵
118 2330 447 2399 VincenduS,
484 2328 651 2383 Decio
692 2329 917 2397 imbelli,
956 2329 1040 2382 cui
1080 2329 1282 2381 femina
1319 2329 1483 2395 nulla,

24 2451 31 2463 ,
125 2404 261 2459 Orta
299 2405 356 2457 in
393 2402 698 2472 Agenoreis
736 2405 956 2455 nostrae
998 2401 1343 2471 Carthaginis
1385 2403 1512 2471 oriS,

20 2514 27 2522 ι
122 2477 374 2533 Cesserit.
411 2476 537 2529 huic
564 2476 793 2546 agedum
822 2506 885 2513 —
913 2494 1040 2529 nam
1074 2494 1168 2528 cur
1191 2475 1414 2544 indigna
1437 2473 1710 2527 feramus?
1742 2505 1801 2512 -

241 2643 326 2683 212
360 2635 576 2680 Paullum
609 2640 650 2680 et
682 2635 801 2679 eheu
833 2639 905 2676 cm
928 2634 1021 2690 Ep.
1046 2637 1132 2679 101
1213 2637 1299 2677 214
1331 2632 1416 2677 leti
1442 2638 1513 2675 cm
1545 2634 1573 2678 Ζ.
1606 2634 1634 2677 Ζ.
1661 2634 1806 2677 —ite

125 2703 197 2740 cm
235 2698 263 2742 Ζ.
290 2697 316 2741 Ζ.
471 2698 557 2738 215
603 2694 825 2749 pateatne
866 2698 939 2735 cm
970 2694 998 2737 Ζ.
1025 2693 1051 2736 Ζ.
1099 2694 1263 2748 pateat
1302 2697 1328 2735 S
1376 2692 1631 2748 pateatque
1667 2694 1808 2748 uulyo

34 2787 38 2790 v
123 2760 210 2800 218
242 2753 497 2799 diffuderat
528 2757 559 2795 0
711 2756 799 2795 220
831 2750 954 2795 rictu
994 2751 1242 2807 spumante
1274 2750 1485 2804 Marsus,
1528 2752 1648 2807 quod
1671 2752 1804 2807 prob.

133 2815 315 2869 Withof
427 2817 513 2857 222
546 2811 760 2855 inuectus
792 2811 896 2855 toto
929 2814 1001 2851 cm
1033 2809 1123 2864 Ep.
1151 2814 1240 2854 101
1365 2814 1451 2854 232
1485 2809 1718 2853 Inuadunt
1749 2814 1809 2851 Ch

125 2878 212 2918 233
245 2871 419 2917 sistunt
449 2871 675 2916 Heinsius
766 2874 851 2913 237
885 2867 1103 2913 seruabat
1135 2872 1162 2909 S
1243 2872 1330 2911 240
1360 2868 1469 2912 huic
1502 2872 1572 2910 ov
1603 2868 1694 2912 huc
1725 2872 1807 2923 LF,

125 2933 245 2990 quod
274 2932 467 2986 fortasse
496 2929 783 2975 retinendum
