1988 3190
654 126 1016 174 PUNICORUM
1043 126 1227 171 LIBER
1256 126 1380 172 XIII.
1792 125 1859 180 ’77

173 266 260 320 Ad
299 265 460 319 decus
501 267 556 318 et
598 281 835 317 summas
872 262 1092 316 laudum
1129 262 1443 332 perduxerit
1480 261 1664 315 arces?

166 341 271 393 Ille
313 340 411 393 sub
449 339 604 392 haec:
647 337 872 406 eTurpis
910 337 1047 390 lenti
1086 337 1329 390 sollertia
1367 334 1576 389 Martis.

173 413 436 467 Audendo
469 412 613 466 bella
650 411 920 480 expedias,
979 411 1140 481 pigra
1179 409 1373 463 extulit
1413 411 1546 463 artis

171 487 335 541 Haud
373 504 631 556 umquam
669 503 785 538 sese
825 485 1018 538 uirtus,
1077 487 1140 537 tu
1178 500 1378 552 magna
1418 484 1639 553 gerendi

170 561 478 630 Praecipita
515 563 753 629 tempus3
793 576 939 611 mors
980 561 1100 611 atra
1138 557 1414 626 impendet
1454 557 1674 628 agenti?
1776 571 1861 612 775

175 635 324 689 Haec
364 634 558 688 effatus
599 633 727 686 abit.
790 631 978 686 Croesi
1015 650 1141 685 mox
1181 632 1401 684 aduolat
1440 632 1648 701 umbra,

171 709 341 762 Diues
383 708 527 779 apud
567 724 816 777 superos3
855 706 949 759 sed
989 724 1135 759 mors
1177 708 1439 775 aequarat
1477 705 1676 775 egenis,

249 785 425 852 Atque
463 781 567 851 hic,
605 780 795 850 Elysio
835 779 1149 833 tendentem
1186 779 1359 832 limite
1399 797 1618 832 cernens

171 856 430 927 Effigiem
468 855 695 923 iuuenis,
734 857 879 907 caste
920 854 1005 907 cui
1043 853 1183 906 uitta
1220 853 1432 923 ligabat

168 930 447 999 Purpurea
486 929 683 982 effusos
724 946 820 996 per
859 928 1002 981 colla
1038 927 1268 980 nitentia
1304 928 1501 981 crines:
1774 940 1860 981 780

171 1003 332 1073 ‘Dio‚’
374 1005 465 1068 ait,
504 1003 619 1056 ehic
659 1003 893 1071 quinam,
932 1002 1127 1071 uirgo?
1188 997 1316 1053 nam
1356 1002 1473 1054 luce
1513 999 1745 1071 refulget

169 1077 468 1147 Praecipua
504 1076 657 1129 frons
697 1094 849 1129 sacra
887 1076 1023 1145 uir0,
1063 1075 1372 1144 multaeque
1412 1078 1666 1127 secuntur

170 1151 431 1205 Mirantes
472 1150 684 1203 animae
723 1154 778 1203 et
814 1150 957 1202 laeto
998 1150 1233 1202 clamore
1271 1150 1634 1218 frequentant.

171 1224 274 1287 Qui
313 1225 521 1278 uultus!
561 1242 738 1294 quam,
777 1223 823 1276 si
864 1222 1055 1293 Stygia
1093 1241 1204 1275 non
1243 1227 1388 1275 esset
1425 1222 1482 1274 in
1520 1222 1728 1288 umbra,

171 1298 444 1351 Dixissem
466 1298 627 1351 facile
653 1315 769 1350 esse
794 1296 1000 1350 deum!'
1064 1296 1219 1350 ‘Non
1242 1294 1487 1366 falleriS,'
1511 1296 1690 1364 inquit
1767 1310 1853 1350 785

171 1372 347 1425 Docta
385 1389 566 1426 comes
598 1371 830 1439 Triuiae,
871 1370 1088 1423 emeruit
1127 1370 1256 1422 deus
1297 1388 1413 1422 esse
1452 1369 1641 1439 uideri,

174 1446 248 1498 Et
286 1445 391 1498 fuit
428 1446 486 1497 in
523 1448 678 1497 tanto
717 1463 828 1497 non
868 1463 1095 1512 paruum
1133 1447 1349 1513 pectore
1387 1461 1600 1495 numen.

174 1518 424 1573 Carmine
464 1519 777 1587 complexus
815 1522 1031 1587 terram,
1071 1536 1235 1586 mare,
1276 1516 1467 1583 sidera,
1507 1517 1681 1569 manis

173 1593 248 1646 Et
287 1595 448 1645 cantu
485 1591 671 1644 Musas
713 1594 766 1644 et
805 1591 1083 1644 Phoebum
1124 1591 1379 1659 aequauit
1415 1590 1635 1643 honore.
1775 1604 1860 1644 789

174 1666 358 1736 Atque
395 1666 530 1718 haec
565 1668 773 1734 cuncta,
812 1665 962 1733 prius
996 1683 1157 1734 quam
1191 1667 1446 1732 cerneret,
1479 1663 1666 1717 ordine
1699 1665 1861 1718 terris

172 1739 417 1792 Prodidit
457 1757 518 1792 ac
555 1742 792 1791 uestram
830 1738 960 1791 tulit
997 1756 1166 1807 usque
1205 1738 1274 1790 ad
1314 1737 1489 1790 sidera
1527 1737 1784 1792 Troiam?

175 1813 371 1882 Scipio,
410 1813 746 1882 perlustrans
780 1813 947 1865 oculis
988 1812 1319 1865 laetantibus
1359 1811 1629 1863 umbram:

174 1885 259 1939 ‘Si
296 1905 437 1939 nunc
474 1886 590 1939 fata
629 1886 832 1954 darent,
871 1889 932 1938 ut
970 1886 1204 1939 Romula
1242 1885 1384 1938 facta
1423 1903 1516 1953 per
1555 1885 1742 1938 orbem

175 1960 280 2013 Hic
320 1963 536 2013 caneret
574 1962 742 2027 uates»,
784 1963 985 2029 quanto
1026 1959 1232 2012 maiora
1269 1959 1479 2011 futuros

175 2034 343 2087 Facta
366 2033 552 2086 eadem
576 2034 845 2086 intrarent
867 2032 1003 2103 hoc,'
1028 2033 1221 2102 inquit,
1254 2032 1419 2085 ‘teste
1443 2033 1692 2100 nepotes!
1774 2046 1857 2086 795

178 2107 336 2160 Felix
373 2106 623 2177 Aeacide,
661 2107 747 2160 cui
785 2107 886 2159 tali
925 2107 1155 2176 contigit
1195 2124 1286 2159 ore

182 2180 445 2234 Gentibus
486 2181 718 2235 ostendi!
781 2180 951 2233 creuit
989 2182 1086 2232 tua
1125 2180 1359 2232 carmine
1399 2178 1603 2233 uirtus?

256 2252 376 2324 Sed,
418 2271 551 2323 quae
590 2257 746 2306 tanta
787 2254 918 2306 adeo
960 2257 1306 2322 grassantum
1347 2253 1528 2320 turba,
1572 2253 1864 2322 requirenS,

177 2327 421 2379 Heroum
461 2327 667 2390 effigies
709 2327 1033 2395 maiorisque
1073 2327 1269 2394 accipit
1308 2326 1543 2378 umbras,

309 2460 392 2499 771
426 2468 555 2499 arces
587 2461 659 2498 cm
703 2455 818 2499 artis
851 2461 876 2498 s
970 2461 1054 2499 773
1087 2456 1201 2500 artis
1226 2459 1286 2498 oh
1317 2454 1456 2499 astris
1482 2460 1508 2498 S
1540 2453 1658 2499 actis
1691 2454 1874 2510 Withof

190 2517 276 2559 775
311 2513 469 2570 egenti
500 2518 527 2556 8
661 2518 744 2558 779
779 2516 904 2557 caste
935 2518 1043 2557 Lov
1075 2516 1231 2557 castae
1262 2519 1297 2556 F
1328 2539 1384 2546 —-
1419 2513 1501 2558 Eff.
1535 2514 1715 2558 iuuenis
1748 2514 1866 2558 casti

191 2573 439 2617 Liuineius
455 2573 624 2628 aliique
649 2572 734 2615 Eff.
751 2572 933 2616 iuuenis
951 2575 1130 2617 castam
1146 2573 1371 2617 Heinsius
1390 2571 1475 2616 Eff.
1493 2573 1689 2629 iuuenis,
1707 2575 1864 2618 castae

185 2632 409 2687 Lefebure
441 2657 494 2663 —-
528 2631 651 2674 uitta
681 2636 718 2673 V
757 2630 887 2675 uicta
916 2635 1018 2673 1.Εο
1142 2636 1227 2676 784
1259 2645 1399 2686 quam
1426 2635 1522 2674 Chs
1565 2645 1702 2688 quem
1726 2633 1866 2688 uulyo

184 2694 269 2735 785
300 2689 462 2747 facile]
493 2688 616 2733 facie
651 2690 875 2734 Heinsius
1033 2695 1116 2734 789
1150 2690 1345 2747 honore]
1379 2690 1608 2734 Homerus
1640 2690 1867 2736 Schrader

189 2754 273 2793 791
307 2750 379 2804 ac]
414 2754 462 2792 et
495 2751 565 2790 OV
688 2752 771 2793 796
806 2748 996 2792 aeacide
1026 2752 1097 2790 LV
1145 2748 1337 2804 eacicda
1368 2749 1464 2803 (sed
1496 2762 1519 2792 e
1550 2755 1803 2806 suprascr.)
1831 2755 1866 2792 F

186 2808 373 2852 acatide
407 2810 436 2848 0
485 2806 692 2851 Aeacida
722 2807 920 2863 Ruperti
1046 2811 1130 2851 798
1170 2811 1463 2864 grassantum
1494 2808 1716 2863 Lef'ebure
1761 2823 1866 2865 gra-

184 2868 367 2910 tantum
410 2870 435 2908 8
483 2866 760 2910 stridentum
798 2866 998 2922 Ruperti
1200 2871 1284 2911 799
1334 2866 1501 2923 aspicit
1538 2867 1786 2913 Liuineius
1824 2871 1866 2912 et

185 2925 479 2981 Davsqueius
1284 2928 1287 2933 ’
