<?xml version="1.0" encoding="UTF-8"?>
<!DOCTYPE html PUBLIC "-//W3C//DTD XHTML 1.0 Transitional//EN"
    "http://www.w3.org/TR/xhtml1/DTD/xhtml1-transitional.dtd">
<html xmlns="http://www.w3.org/1999/xhtml" xml:lang="en" lang="en">
 <head>
  <title>
</title>
<meta http-equiv="Content-Type" content="text/html;charset=utf-8" />
  <meta name='ocr-system' content='tesseract 3.04.00' />
  <meta name='ocr-capabilities' content='ocr_page ocr_carea ocr_par ocr_line ocrx_word'/>
</head>
<body>
  <div class='ocr_page' id='page_1' title='image "./punicasili02siliuoft/punicasili02siliuoft_0153.png"; bbox 0 0 1988 3190; ppageno 0'>
   <div class='ocr_carea' id='block_1_1' title="bbox 621 97 1824 151">
    <p class='ocr_par' dir='ltr' id='par_1_1' title="bbox 621 97 1824 151">
     <span class='ocr_line' id='line_1_1' title="bbox 621 97 1824 151; baseline 0.007 -7"><span class='ocrx_word' id='word_1_1' title='bbox 621 98 976 144; x_wconf 84' lang='lat' dir='ltr'>PUNICORUM</span> <span class='ocrx_word' id='word_1_2' title='bbox 1007 97 1190 142; x_wconf 86' lang='lat' dir='ltr'>LIBER</span> <span class='ocrx_word' id='word_1_3' title='bbox 1221 97 1341 143; x_wconf 86' lang='lat' dir='ltr'><strong>XVI.</strong></span> <span class='ocrx_word' id='word_1_4' title='bbox 1718 97 1824 151; x_wconf 79' lang='lat'>139</span> 
     </span>
    </p>
   </div>
   <div class='ocr_carea' id='block_1_2' title="bbox 126 234 1820 2511">
    <p class='ocr_par' dir='ltr' id='par_1_2' title="bbox 135 234 1501 303">
     <span class='ocr_line' id='line_1_2' title="bbox 135 234 1501 303; baseline -0.002 -14"><span class='ocrx_word' id='word_1_5' title='bbox 135 235 438 301; x_wconf 88' lang='lat' dir='ltr'>Aduersae;</span> <span class='ocrx_word' id='word_1_6' title='bbox 477 253 569 288; x_wconf 89' lang='lat' dir='ltr'>seu</span> <span class='ocrx_word' id='word_1_7' title='bbox 608 235 766 288; x_wconf 89' lang='lat' dir='ltr'>laeua</span> <span class='ocrx_word' id='word_1_8' title='bbox 805 235 947 288; x_wconf 88' lang='lat' dir='ltr'>acies</span> <span class='ocrx_word' id='word_1_9' title='bbox 986 234 1045 287; x_wconf 94' lang='lat' dir='ltr'>in</span> <span class='ocrx_word' id='word_1_10' title='bbox 1082 234 1230 287; x_wconf 89' lang='lat' dir='ltr'>bella</span> <span class='ocrx_word' id='word_1_11' title='bbox 1268 236 1501 303; x_wconf 80' lang='lat' dir='ltr'>uocaret,</span> 
     </span>
    </p>

    <p class='ocr_par' dir='ltr' id='par_1_3' title="bbox 134 307 1358 380">
     <span class='ocr_line' id='line_1_3' title="bbox 134 307 1358 380; baseline -0.001 -18"><span class='ocrx_word' id='word_1_12' title='bbox 134 309 370 380; x_wconf 89' lang='lat' dir='ltr'>Obliquo</span> <span class='ocrx_word' id='word_1_13' title='bbox 408 310 579 363; x_wconf 90' lang='lat' dir='ltr'>telum</span> <span class='ocrx_word' id='word_1_14' title='bbox 618 309 874 362; x_wconf 86' lang='lat' dir='ltr'>reflexum</span> <span class='ocrx_word' id='word_1_15' title='bbox 911 307 1087 362; x_wconf 88' lang='lat' dir='ltr'>Marte</span> <span class='ocrx_word' id='word_1_16' title='bbox 1125 309 1358 362; x_wconf 84' lang='lat' dir='ltr'>rotabat.</span> 
     </span>
    </p>

    <p class='ocr_par' dir='ltr' id='par_1_4' title="bbox 131 382 1820 600">
     <span class='ocr_line' id='line_1_4' title="bbox 134 382 1820 453; baseline -0.002 -16"><span class='ocrx_word' id='word_1_17' title='bbox 134 386 225 453; x_wconf 88' lang='lat' dir='ltr'>At,</span> <span class='ocrx_word' id='word_1_18' title='bbox 265 402 385 437; x_wconf 91' lang='lat' dir='ltr'>cum</span> <span class='ocrx_word' id='word_1_19' title='bbox 424 401 565 452; x_wconf 90' lang='lat' dir='ltr'>pone</span> <span class='ocrx_word' id='word_1_20' title='bbox 603 382 757 436; x_wconf 87' lang='lat' dir='ltr'>ferox</span> <span class='ocrx_word' id='word_1_21' title='bbox 797 382 973 437; x_wconf 90' lang='lat' dir='ltr'>auersi</span> <span class='ocrx_word' id='word_1_22' title='bbox 1011 383 1067 435; x_wconf 91' lang='lat' dir='ltr'>in</span> <span class='ocrx_word' id='word_1_23' title='bbox 1106 386 1264 452; x_wconf 88' lang='lat' dir='ltr'>terga</span> <span class='ocrx_word' id='word_1_24' title='bbox 1302 382 1513 434; x_wconf 88' lang='lat' dir='ltr'>ueniret</span> <span class='ocrx_word' id='word_1_25' title='bbox 1765 394 1820 434; x_wconf 84' lang='lat'>55</span> 
     </span>
     <span class='ocr_line' id='line_1_5' title="bbox 132 456 1528 527; baseline -0.001 -17"><span class='ocrx_word' id='word_1_26' title='bbox 132 456 339 526; x_wconf 91' lang='lat' dir='ltr'>Uictor,</span> <span class='ocrx_word' id='word_1_27' title='bbox 376 457 454 510; x_wconf 91' lang='lat' dir='ltr'>nil</span> <span class='ocrx_word' id='word_1_28' title='bbox 493 456 769 527; x_wconf 76' lang='lat' dir='ltr'>trepidans</span> <span class='ocrx_word' id='word_1_29' title='bbox 808 459 956 510; x_wconf 90' lang='lat' dir='ltr'>retro</span> <span class='ocrx_word' id='word_1_30' title='bbox 994 456 1199 509; x_wconf 87' lang='lat' dir='ltr'>iactare</span> <span class='ocrx_word' id='word_1_31' title='bbox 1238 456 1528 525; x_wconf 84' lang='lat' dir='ltr'>bipennem</span> 
     </span>
     <span class='ocr_line' id='line_1_6' title="bbox 131 529 1420 600; baseline -0.001 -17"><span class='ocrx_word' id='word_1_32' title='bbox 131 529 396 596; x_wconf 86' lang='lat' dir='ltr'>Callebat,</span> <span class='ocrx_word' id='word_1_33' title='bbox 434 531 584 584; x_wconf 88' lang='lat' dir='ltr'>nulla</span> <span class='ocrx_word' id='word_1_34' title='bbox 620 530 753 583; x_wconf 92' lang='lat' dir='ltr'>belli</span> <span class='ocrx_word' id='word_1_35' title='bbox 790 549 900 584; x_wconf 92' lang='lat' dir='ltr'>non</span> <span class='ocrx_word' id='word_1_36' title='bbox 938 533 1093 600; x_wconf 92' lang='lat' dir='ltr'>parte</span> <span class='ocrx_word' id='word_1_37' title='bbox 1133 530 1420 583; x_wconf 80' lang='lat' dir='ltr'>timendus,</span> 
     </span>
    </p>

    <p class='ocr_par' dir='ltr' id='par_1_5' title="bbox 131 603 1461 674">
     <span class='ocr_line' id='line_1_7' title="bbox 131 603 1461 674; baseline 0 -18"><span class='ocrx_word' id='word_1_38' title='bbox 131 603 273 658; x_wconf 88' lang='lat' dir='ltr'>Huic</span> <span class='ocrx_word' id='word_1_39' title='bbox 312 605 461 658; x_wconf 88' lang='lat' dir='ltr'>ducis</span> <span class='ocrx_word' id='word_1_40' title='bbox 492 604 685 658; x_wconf 87' lang='lat' dir='ltr'>inuicti</span> <span class='ocrx_word' id='word_1_41' title='bbox 725 621 1013 674; x_wconf 88' lang='lat' dir='ltr'>germanus</span> <span class='ocrx_word' id='word_1_42' title='bbox 1050 603 1266 657; x_wconf 87' lang='lat' dir='ltr'>turbine</span> <span class='ocrx_word' id='word_1_43' title='bbox 1302 606 1461 657; x_wconf 89' lang='lat' dir='ltr'>uasto</span> 
     </span>
    </p>

    <p class='ocr_par' dir='ltr' id='par_1_6' title="bbox 131 676 1536 748">
     <span class='ocr_line' id='line_1_8' title="bbox 131 676 1536 748; baseline 0 -18"><span class='ocrx_word' id='word_1_44' title='bbox 131 676 312 747; x_wconf 81' lang='lat' dir='ltr'>Scipio</span> <span class='ocrx_word' id='word_1_45' title='bbox 353 681 714 748; x_wconf 73' lang='lat' dir='ltr'>contorquens</span> <span class='ocrx_word' id='word_1_46' title='bbox 753 678 986 746; x_wconf 86' lang='lat' dir='ltr'>hastam,</span> <span class='ocrx_word' id='word_1_47' title='bbox 1025 678 1229 731; x_wconf 89' lang='lat' dir='ltr'>cudone</span> <span class='ocrx_word' id='word_1_48' title='bbox 1270 678 1536 731; x_wconf 85' lang='lat' dir='ltr'>comantis</span> 
     </span>
    </p>

    <p class='ocr_par' dir='ltr' id='par_1_7' title="bbox 129 751 1818 896">
     <span class='ocr_line' id='line_1_9' title="bbox 129 751 1818 822; baseline -0.001 -17"><span class='ocrx_word' id='word_1_49' title='bbox 129 751 360 806; x_wconf 86' lang='lat' dir='ltr'>Disiecit</span> <span class='ocrx_word' id='word_1_50' title='bbox 399 752 576 805; x_wconf 76' lang='lat' dir='ltr'>criniS.</span> <span class='ocrx_word' id='word_1_51' title='bbox 636 770 868 822; x_wconf 90' lang='lat' dir='ltr'>namque</span> <span class='ocrx_word' id='word_1_52' title='bbox 908 751 1071 804; x_wconf 87' lang='lat' dir='ltr'>altius</span> <span class='ocrx_word' id='word_1_53' title='bbox 1112 755 1233 804; x_wconf 90' lang='lat' dir='ltr'>acta</span> <span class='ocrx_word' id='word_1_54' title='bbox 1272 752 1510 805; x_wconf 89' lang='lat' dir='ltr'>cucurrit</span> <span class='ocrx_word' id='word_1_55' title='bbox 1760 765 1818 804; x_wconf 90' lang='lat'>60</span> 
     </span>
     <span class='ocr_line' id='line_1_10' title="bbox 130 823 1401 896; baseline -0.001 -17"><span class='ocrx_word' id='word_1_56' title='bbox 130 823 343 896; x_wconf 80' lang='lat' dir='ltr'>Cuspis„</span> <span class='ocrx_word' id='word_1_57' title='bbox 382 829 436 878; x_wconf 89' lang='lat' dir='ltr'>et</span> <span class='ocrx_word' id='word_1_58' title='bbox 475 826 619 880; x_wconf 90' lang='lat' dir='ltr'>elata</span> <span class='ocrx_word' id='word_1_59' title='bbox 656 826 845 895; x_wconf 90' lang='lat' dir='ltr'>procul</span> <span class='ocrx_word' id='word_1_60' title='bbox 885 828 968 878; x_wconf 90' lang='lat' dir='ltr'>est</span> <span class='ocrx_word' id='word_1_61' title='bbox 1007 828 1177 878; x_wconf 89' lang='lat' dir='ltr'>eiecta</span> <span class='ocrx_word' id='word_1_62' title='bbox 1215 825 1401 878; x_wconf 88' lang='lat' dir='ltr'>securi.</span> 
     </span>
    </p>

    <p class='ocr_par' dir='ltr' id='par_1_8' title="bbox 127 899 1815 1337">
     <span class='ocr_line' id='line_1_11' title="bbox 130 899 1505 968; baseline 0.001 -17"><span class='ocrx_word' id='word_1_63' title='bbox 130 901 207 952; x_wconf 90' lang='lat' dir='ltr'>At</span> <span class='ocrx_word' id='word_1_64' title='bbox 243 900 472 968; x_wconf 79' lang='lat' dir='ltr'>iuueniS,</span> <span class='ocrx_word' id='word_1_65' title='bbox 511 900 598 953; x_wconf 92' lang='lat' dir='ltr'>cui</span> <span class='ocrx_word' id='word_1_66' title='bbox 634 901 803 952; x_wconf 88' lang='lat' dir='ltr'>telum</span> <span class='ocrx_word' id='word_1_67' title='bbox 841 899 1031 968; x_wconf 90' lang='lat' dir='ltr'>ingens</span> <span class='ocrx_word' id='word_1_68' title='bbox 1072 903 1370 952; x_wconf 71' lang='lat' dir='ltr'>accesserat</span> <span class='ocrx_word' id='word_1_69' title='bbox 1408 899 1505 967; x_wconf 90' lang='lat' dir='ltr'>ira,</span> 
     </span>
     <span class='ocr_line' id='line_1_12' title="bbox 129 971 1615 1043; baseline -0.001 -18"><span class='ocrx_word' id='word_1_70' title='bbox 129 971 483 1026; x_wconf 85' lang='lat' dir='ltr'>Barbaricam</span> <span class='ocrx_word' id='word_1_71' title='bbox 524 973 773 1026; x_wconf 88' lang='lat' dir='ltr'>assiliens</span> <span class='ocrx_word' id='word_1_72' title='bbox 814 990 1013 1043; x_wconf 87' lang='lat' dir='ltr'>magno</span> <span class='ocrx_word' id='word_1_73' title='bbox 1055 973 1291 1026; x_wconf 88' lang='lat' dir='ltr'>clamore</span> <span class='ocrx_word' id='word_1_74' title='bbox 1331 973 1615 1042; x_wconf 84' lang='lat' dir='ltr'>bipennem</span> 
     </span>
     <span class='ocr_line' id='line_1_13' title="bbox 129 1045 1594 1116; baseline -0.001 -15"><span class='ocrx_word' id='word_1_75' title='bbox 129 1045 346 1101; x_wconf 87' lang='lat' dir='ltr'>Incutit.</span> <span class='ocrx_word' id='word_1_76' title='bbox 408 1047 734 1100; x_wconf 89' lang='lat' dir='ltr'>intremuere</span> <span class='ocrx_word' id='word_1_77' title='bbox 776 1046 932 1116; x_wconf 88' lang='lat' dir='ltr'>acies,</span> <span class='ocrx_word' id='word_1_78' title='bbox 972 1047 1259 1115; x_wconf 89' lang='lat' dir='ltr'>sonuitque</span> <span class='ocrx_word' id='word_1_79' title='bbox 1299 1065 1394 1115; x_wconf 91' lang='lat' dir='ltr'>per</span> <span class='ocrx_word' id='word_1_80' title='bbox 1434 1065 1594 1099; x_wconf 88' lang='lat' dir='ltr'>auras</span> 
     </span>
     <span class='ocr_line' id='line_1_14' title="bbox 127 1119 1815 1191; baseline 0.001 -19"><span class='ocrx_word' id='word_1_81' title='bbox 127 1119 371 1173; x_wconf 91' lang='lat' dir='ltr'>Pondere</span> <span class='ocrx_word' id='word_1_82' title='bbox 408 1120 671 1190; x_wconf 86' lang='lat' dir='ltr'>belligero</span> <span class='ocrx_word' id='word_1_83' title='bbox 709 1121 912 1190; x_wconf 83' lang='lat' dir='ltr'>pulsati</span> <span class='ocrx_word' id='word_1_84' title='bbox 950 1120 1211 1191; x_wconf 87' lang='lat' dir='ltr'>tegminis</span> <span class='ocrx_word' id='word_1_85' title='bbox 1251 1121 1432 1173; x_wconf 91' lang='lat' dir='ltr'>umb0.</span> <span class='ocrx_word' id='word_1_86' title='bbox 1760 1134 1815 1174; x_wconf 88' lang='lat'>65</span> 
     </span>
     <span class='ocr_line' id='line_1_15' title="bbox 129 1193 1815 1264; baseline 0.001 -18"><span class='ocrx_word' id='word_1_87' title='bbox 129 1193 290 1246; x_wconf 86' lang='lat' dir='ltr'>Haud</span> <span class='ocrx_word' id='word_1_88' title='bbox 327 1194 545 1263; x_wconf 89' lang='lat' dir='ltr'>impune</span> <span class='ocrx_word' id='word_1_89' title='bbox 587 1195 816 1264; x_wconf 87' lang='lat' dir='ltr'>quidem.</span> <span class='ocrx_word' id='word_1_90' title='bbox 877 1212 1124 1247; x_wconf 87' lang='lat' dir='ltr'>remeans</span> <span class='ocrx_word' id='word_1_91' title='bbox 1170 1212 1299 1246; x_wconf 90' lang='lat' dir='ltr'>nam</span> <span class='ocrx_word' id='word_1_92' title='bbox 1339 1194 1557 1247; x_wconf 85' lang='lat' dir='ltr'>dextera</span> <span class='ocrx_word' id='word_1_93' title='bbox 1597 1194 1665 1247; x_wconf 91' lang='lat' dir='ltr'>ab</span> <span class='ocrx_word' id='word_1_94' title='bbox 1705 1195 1815 1248; x_wconf 87' lang='lat' dir='ltr'>ictu</span> 
     </span>
     <span class='ocr_line' id='line_1_16' title="bbox 128 1267 1502 1337; baseline 0 -17"><span class='ocrx_word' id='word_1_95' title='bbox 128 1267 326 1321; x_wconf 90' lang='lat' dir='ltr'>Decisa</span> <span class='ocrx_word' id='word_1_96' title='bbox 366 1271 449 1321; x_wconf 87' lang='lat' dir='ltr'>est</span> <span class='ocrx_word' id='word_1_97' title='bbox 488 1269 668 1337; x_wconf 89' lang='lat' dir='ltr'>gladio</span> <span class='ocrx_word' id='word_1_98' title='bbox 709 1286 772 1320; x_wconf 91' lang='lat' dir='ltr'>ac</span> <span class='ocrx_word' id='word_1_99' title='bbox 811 1268 1006 1320; x_wconf 88' lang='lat' dir='ltr'>dilecto</span> <span class='ocrx_word' id='word_1_100' title='bbox 1045 1268 1341 1320; x_wconf 84' lang='lat' dir='ltr'>immortua</span> <span class='ocrx_word' id='word_1_101' title='bbox 1378 1268 1502 1320; x_wconf 77' lang='lat' dir='ltr'>telo,</span> 
     </span>
    </p>

    <p class='ocr_par' dir='ltr' id='par_1_9' title="bbox 129 1340 1722 1485">
     <span class='ocr_line' id='line_1_17' title="bbox 130 1340 1722 1411; baseline 0.001 -17"><span class='ocrx_word' id='word_1_102' title='bbox 130 1340 234 1403; x_wconf 81' lang='lat' dir='ltr'>Qui</span> <span class='ocrx_word' id='word_1_103' title='bbox 272 1346 562 1411; x_wconf 84' lang='lat' dir='ltr'>postquam</span> <span class='ocrx_word' id='word_1_104' title='bbox 601 1360 785 1394; x_wconf 88' lang='lat' dir='ltr'>murus</span> <span class='ocrx_word' id='word_1_105' title='bbox 826 1341 1037 1394; x_wconf 89' lang='lat' dir='ltr'>miseris</span> <span class='ocrx_word' id='word_1_106' title='bbox 1077 1342 1205 1411; x_wconf 88' lang='lat' dir='ltr'>ruit,</span> <span class='ocrx_word' id='word_1_107' title='bbox 1243 1341 1462 1410; x_wconf 82' lang='lat' dir='ltr'>agmina</span> <span class='ocrx_word' id='word_1_108' title='bbox 1501 1359 1722 1395; x_wconf 82' lang='lat' dir='ltr'>concors</span> 
     </span>
     <span class='ocr_line' id='line_1_18' title="bbox 129 1414 1482 1485; baseline 0 -18"><span class='ocrx_word' id='word_1_109' title='bbox 129 1414 350 1467; x_wconf 86' lang='lat' dir='ltr'>Auertit</span> <span class='ocrx_word' id='word_1_110' title='bbox 387 1415 519 1484; x_wconf 86' lang='lat' dir='ltr'>fuga</span> <span class='ocrx_word' id='word_1_111' title='bbox 559 1415 845 1468; x_wconf 83' lang='lat' dir='ltr'>confestim</span> <span class='ocrx_word' id='word_1_112' title='bbox 886 1414 1129 1483; x_wconf 88' lang='lat' dir='ltr'>dispersa</span> <span class='ocrx_word' id='word_1_113' title='bbox 1167 1432 1264 1484; x_wconf 89' lang='lat' dir='ltr'>per</span> <span class='ocrx_word' id='word_1_114' title='bbox 1304 1432 1482 1485; x_wconf 79' lang='lat' dir='ltr'>agros,</span> 
     </span>
    </p>

    <p class='ocr_par' dir='ltr' id='par_1_10' title="bbox 126 1486 1813 1852">
     <span class='ocr_line' id='line_1_19' title="bbox 126 1486 1810 1558; baseline 0.001 -18"><span class='ocrx_word' id='word_1_115' title='bbox 126 1486 243 1541; x_wconf 90' lang='lat' dir='ltr'>Nec</span> <span class='ocrx_word' id='word_1_116' title='bbox 282 1506 496 1558; x_wconf 86' lang='lat' dir='ltr'>pugnae</span> <span class='ocrx_word' id='word_1_117' title='bbox 536 1489 753 1558; x_wconf 81' lang='lat' dir='ltr'>specieS,</span> <span class='ocrx_word' id='word_1_118' title='bbox 793 1488 885 1541; x_wconf 89' lang='lat' dir='ltr'>sed</span> <span class='ocrx_word' id='word_1_119' title='bbox 924 1506 1128 1556; x_wconf 89' lang='lat' dir='ltr'>poenae</span> <span class='ocrx_word' id='word_1_120' title='bbox 1168 1488 1342 1541; x_wconf 88' lang='lat' dir='ltr'>tristis</span> <span class='ocrx_word' id='word_1_121' title='bbox 1382 1489 1564 1558; x_wconf 82' lang='lat' dir='ltr'>imago</span> <span class='ocrx_word' id='word_1_122' title='bbox 1756 1502 1810 1541; x_wconf 83' lang='lat'>70</span> 
     </span>
     <span class='ocr_line' id='line_1_20' title="bbox 126 1561 1813 1630; baseline 0.002 -16"><span class='ocrx_word' id='word_1_123' title='bbox 126 1561 230 1614; x_wconf 85' lang='lat' dir='ltr'>Illa</span> <span class='ocrx_word' id='word_1_124' title='bbox 271 1565 402 1629; x_wconf 87' lang='lat' dir='ltr'>erat,</span> <span class='ocrx_word' id='word_1_125' title='bbox 440 1562 567 1614; x_wconf 87' lang='lat' dir='ltr'>hinc</span> <span class='ocrx_word' id='word_1_126' title='bbox 604 1565 817 1614; x_wconf 87' lang='lat' dir='ltr'>tantum</span> <span class='ocrx_word' id='word_1_127' title='bbox 851 1562 1167 1615; x_wconf 89' lang='lat' dir='ltr'>caedentum</span> <span class='ocrx_word' id='word_1_128' title='bbox 1200 1564 1361 1630; x_wconf 91' lang='lat' dir='ltr'>atque</span> <span class='ocrx_word' id='word_1_129' title='bbox 1392 1561 1514 1614; x_wconf 90' lang='lat' dir='ltr'>inde</span> <span class='ocrx_word' id='word_1_130' title='bbox 1548 1564 1813 1619; x_wconf 86' lang='lat' dir='ltr'>ruentum.</span> 
     </span>
     <span class='ocr_line' id='line_1_21' title="bbox 127 1635 1701 1705; baseline -0.001 -17"><span class='ocrx_word' id='word_1_131' title='bbox 127 1635 232 1688; x_wconf 89' lang='lat' dir='ltr'>Per</span> <span class='ocrx_word' id='word_1_132' title='bbox 269 1635 473 1688; x_wconf 90' lang='lat' dir='ltr'>medios</span> <span class='ocrx_word' id='word_1_133' title='bbox 514 1635 765 1704; x_wconf 84' lang='lat' dir='ltr'>Hannon,</span> <span class='ocrx_word' id='word_1_134' title='bbox 803 1636 1014 1704; x_wconf 88' lang='lat' dir='ltr'>palmas</span> <span class='ocrx_word' id='word_1_135' title='bbox 1054 1640 1182 1705; x_wconf 89' lang='lat' dir='ltr'>post</span> <span class='ocrx_word' id='word_1_136' title='bbox 1218 1638 1374 1705; x_wconf 88' lang='lat' dir='ltr'>terga</span> <span class='ocrx_word' id='word_1_137' title='bbox 1413 1635 1701 1705; x_wconf 89' lang='lat' dir='ltr'>reuinctus,</span> 
     </span>
     <span class='ocr_line' id='line_1_22' title="bbox 126 1708 1560 1778; baseline -0.001 -17"><span class='ocrx_word' id='word_1_138' title='bbox 126 1708 268 1763; x_wconf 84' lang='lat' dir='ltr'>Ecce</span> <span class='ocrx_word' id='word_1_139' title='bbox 305 1709 626 1762; x_wconf 88' lang='lat' dir='ltr'>trahebatur</span> <span class='ocrx_word' id='word_1_140' title='bbox 666 1710 946 1778; x_wconf 88' lang='lat' dir='ltr'>lucemque</span> <span class='ocrx_word' id='word_1_141' title='bbox 973 1739 1038 1747; x_wconf 90' lang='lat'>——</span> <span class='ocrx_word' id='word_1_142' title='bbox 1068 1711 1172 1762; x_wconf 91' lang='lat' dir='ltr'>heu</span> <span class='ocrx_word' id='word_1_143' title='bbox 1213 1709 1387 1762; x_wconf 88' lang='lat' dir='ltr'>dulcia</span> <span class='ocrx_word' id='word_1_144' title='bbox 1427 1708 1560 1762; x_wconf 89' lang='lat' dir='ltr'>caeli</span> 
     </span>
     <span class='ocr_line' id='line_1_23' title="bbox 126 1782 1635 1852; baseline 0 -17"><span class='ocrx_word' id='word_1_145' title='bbox 126 1782 378 1836; x_wconf 82' lang='lat' dir='ltr'>Lumina!</span> <span class='ocrx_word' id='word_1_146' title='bbox 404 1813 474 1821; x_wconf 92' lang='lat'>——</span> <span class='ocrx_word' id='word_1_147' title='bbox 500 1783 746 1851; x_wconf 89' lang='lat' dir='ltr'>captiuus</span> <span class='ocrx_word' id='word_1_148' title='bbox 786 1784 961 1835; x_wconf 90' lang='lat' dir='ltr'>lucem</span> <span class='ocrx_word' id='word_1_149' title='bbox 999 1783 1142 1836; x_wconf 87' lang='lat' dir='ltr'>inter</span> <span class='ocrx_word' id='word_1_150' title='bbox 1181 1783 1359 1836; x_wconf 90' lang='lat' dir='ltr'>uincla</span> <span class='ocrx_word' id='word_1_151' title='bbox 1397 1783 1635 1852; x_wconf 90' lang='lat' dir='ltr'>petebat.</span> 
     </span>
    </p>

    <p class='ocr_par' dir='ltr' id='par_1_11' title="bbox 127 1855 1811 2073">
     <span class='ocr_line' id='line_1_24' title="bbox 128 1855 1811 1926; baseline 0 -16"><span class='ocrx_word' id='word_1_152' title='bbox 128 1855 228 1910; x_wconf 86' lang='lat' dir='ltr'>Oui</span> <span class='ocrx_word' id='word_1_153' title='bbox 267 1860 446 1910; x_wconf 87' lang='lat' dir='ltr'>rector</span> <span class='ocrx_word' id='word_1_154' title='bbox 475 1855 687 1909; x_wconf 89' lang='lat' dir='ltr'>Latius:</span> <span class='ocrx_word' id='word_1_155' title='bbox 729 1855 947 1925; x_wconf 72' lang='lat' dir='ltr'>‘Tanta,</span> <span class='ocrx_word' id='word_1_156' title='bbox 987 1874 1067 1926; x_wconf 91' lang='lat' dir='ltr'>en,</span> <span class='ocrx_word' id='word_1_157' title='bbox 1101 1856 1193 1925; x_wconf 90' lang='lat' dir='ltr'>qui</span> <span class='ocrx_word' id='word_1_158' title='bbox 1223 1873 1392 1926; x_wconf 89' lang='lat' dir='ltr'>regna</span> <span class='ocrx_word' id='word_1_159' title='bbox 1422 1859 1722 1925; x_wconf 87' lang='lat' dir='ltr'>reposcant,</span> <span class='ocrx_word' id='word_1_160' title='bbox 1757 1870 1811 1910; x_wconf 80' lang='lat'>75</span> 
     </span>
     <span class='ocr_line' id='line_1_25' title="bbox 127 1928 1627 2000; baseline 0 -18"><span class='ocrx_word' id='word_1_161' title='bbox 127 1928 258 1991; x_wconf 82' lang='lat' dir='ltr'>Quis</span> <span class='ocrx_word' id='word_1_162' title='bbox 299 1930 454 1983; x_wconf 90' lang='lat' dir='ltr'>cedat</span> <span class='ocrx_word' id='word_1_163' title='bbox 491 1933 624 2000; x_wconf 89' lang='lat' dir='ltr'>toga</span> <span class='ocrx_word' id='word_1_164' title='bbox 664 1933 718 1982; x_wconf 93' lang='lat' dir='ltr'>et</span> <span class='ocrx_word' id='word_1_165' title='bbox 758 1929 996 1983; x_wconf 88' lang='lat' dir='ltr'>armiferi</span> <span class='ocrx_word' id='word_1_166' title='bbox 1037 1948 1168 2000; x_wconf 91' lang='lat' dir='ltr'>gens</span> <span class='ocrx_word' id='word_1_167' title='bbox 1210 1947 1364 1983; x_wconf 88' lang='lat' dir='ltr'>sacra</span> <span class='ocrx_word' id='word_1_168' title='bbox 1404 1928 1627 1999; x_wconf 81' lang='lat' dir='ltr'>Quirini,</span> 
     </span>
     <span class='ocr_line' id='line_1_26' title="bbox 128 2002 1475 2073; baseline 0 -17"><span class='ocrx_word' id='word_1_169' title='bbox 128 2002 361 2057; x_wconf 83' lang='lat' dir='ltr'>Seruitio</span> <span class='ocrx_word' id='word_1_170' title='bbox 403 2004 450 2056; x_wconf 89' lang='lat' dir='ltr'>si</span> <span class='ocrx_word' id='word_1_171' title='bbox 488 2006 602 2056; x_wconf 90' lang='lat' dir='ltr'>tam</span> <span class='ocrx_word' id='word_1_172' title='bbox 642 2003 841 2073; x_wconf 79' lang='lat' dir='ltr'>facileS,</span> <span class='ocrx_word' id='word_1_173' title='bbox 881 2022 974 2056; x_wconf 89' lang='lat' dir='ltr'>cur</span> <span class='ocrx_word' id='word_1_174' title='bbox 1014 2004 1157 2056; x_wconf 91' lang='lat' dir='ltr'>bella</span> <span class='ocrx_word' id='word_1_175' title='bbox 1196 2002 1475 2056; x_wconf 48' lang='lat' dir='ltr'>refertis?</span> 
     </span>
    </p>

    <p class='ocr_par' dir='ltr' id='par_1_12' title="bbox 127 2076 1809 2438">
     <span class='ocr_line' id='line_1_27' title="bbox 202 2076 1723 2146; baseline 0 -17"><span class='ocrx_word' id='word_1_176' title='bbox 202 2077 351 2131; x_wconf 90' lang='lat' dir='ltr'>Haec</span> <span class='ocrx_word' id='word_1_177' title='bbox 390 2077 532 2130; x_wconf 86' lang='lat' dir='ltr'>inter</span> <span class='ocrx_word' id='word_1_178' title='bbox 572 2078 806 2129; x_wconf 87' lang='lat' dir='ltr'>celerare</span> <span class='ocrx_word' id='word_1_179' title='bbox 846 2076 1088 2146; x_wconf 90' lang='lat' dir='ltr'>gradum,</span> <span class='ocrx_word' id='word_1_180' title='bbox 1128 2077 1421 2146; x_wconf 87' lang='lat' dir='ltr'>coniungat</span> <span class='ocrx_word' id='word_1_181' title='bbox 1458 2081 1517 2129; x_wconf 90' lang='lat' dir='ltr'>ut</span> <span class='ocrx_word' id='word_1_182' title='bbox 1558 2096 1723 2145; x_wconf 86' lang='lat' dir='ltr'>arma,</span> 
     </span>
     <span class='ocr_line' id='line_1_28' title="bbox 127 2149 1615 2219; baseline 0.001 -17"><span class='ocrx_word' id='word_1_183' title='bbox 127 2149 526 2202; x_wconf 85' lang='lat' dir='ltr'>Hasdrubalem</span> <span class='ocrx_word' id='word_1_184' title='bbox 567 2150 818 2219; x_wconf 88' lang='lat' dir='ltr'>ignarum</span> <span class='ocrx_word' id='word_1_185' title='bbox 857 2150 1025 2203; x_wconf 89' lang='lat' dir='ltr'>cladis</span> <span class='ocrx_word' id='word_1_186' title='bbox 1065 2152 1415 2219; x_wconf 90' lang='lat' dir='ltr'>praenuntius</span> <span class='ocrx_word' id='word_1_187' title='bbox 1456 2150 1615 2203; x_wconf 86' lang='lat' dir='ltr'>affert</span> 
     </span>
     <span class='ocr_line' id='line_1_29' title="bbox 127 2222 1809 2293; baseline 0.001 -18"><span class='ocrx_word' id='word_1_188' title='bbox 127 2222 458 2292; x_wconf 85' lang='lat' dir='ltr'>Explorator</span> <span class='ocrx_word' id='word_1_189' title='bbox 497 2241 672 2292; x_wconf 88' lang='lat' dir='ltr'>eques.</span> <span class='ocrx_word' id='word_1_190' title='bbox 740 2226 925 2292; x_wconf 88' lang='lat' dir='ltr'>raptat</span> <span class='ocrx_word' id='word_1_191' title='bbox 964 2223 1071 2276; x_wconf 88' lang='lat' dir='ltr'>dux</span> <span class='ocrx_word' id='word_1_192' title='bbox 1111 2223 1272 2275; x_wconf 88' lang='lat' dir='ltr'>obuia</span> <span class='ocrx_word' id='word_1_193' title='bbox 1311 2223 1469 2293; x_wconf 88' lang='lat' dir='ltr'>signa</span> <span class='ocrx_word' id='word_1_194' title='bbox 1753 2236 1809 2276; x_wconf 83' lang='lat'>80</span> 
     </span>
     <span class='ocr_line' id='line_1_30' title="bbox 131 2296 1676 2365; baseline 0.001 -18"><span class='ocrx_word' id='word_1_195' title='bbox 131 2296 225 2362; x_wconf 87' lang='lat' dir='ltr'>Ac,</span> <span class='ocrx_word' id='word_1_196' title='bbox 262 2302 553 2365; x_wconf 86' lang='lat' dir='ltr'>postquam</span> <span class='ocrx_word' id='word_1_197' title='bbox 595 2299 835 2363; x_wconf 88' lang='lat' dir='ltr'>optatam</span> <span class='ocrx_word' id='word_1_198' title='bbox 875 2296 1051 2349; x_wconf 89' lang='lat' dir='ltr'>laetus</span> <span class='ocrx_word' id='word_1_199' title='bbox 1091 2297 1400 2365; x_wconf 87' lang='lat' dir='ltr'>contingere</span> <span class='ocrx_word' id='word_1_200' title='bbox 1438 2313 1676 2365; x_wconf 90' lang='lat' dir='ltr'>pugnam</span> 
     </span>
     <span class='ocr_line' id='line_1_31' title="bbox 132 2366 1450 2438; baseline 0.001 -18"><span class='ocrx_word' id='word_1_201' title='bbox 132 2366 285 2420; x_wconf 90' lang='lat' dir='ltr'>Uidit</span> <span class='ocrx_word' id='word_1_202' title='bbox 323 2374 376 2421; x_wconf 86' lang='lat' dir='ltr'>et</span> <span class='ocrx_word' id='word_1_203' title='bbox 415 2369 479 2421; x_wconf 90' lang='lat' dir='ltr'>ad</span> <span class='ocrx_word' id='word_1_204' title='bbox 520 2369 688 2420; x_wconf 90' lang='lat' dir='ltr'>letum</span> <span class='ocrx_word' id='word_1_205' title='bbox 729 2386 926 2438; x_wconf 91' lang='lat' dir='ltr'>magno</span> <span class='ocrx_word' id='word_1_206' title='bbox 968 2369 1241 2421; x_wconf 89' lang='lat' dir='ltr'>uenientia</span> <span class='ocrx_word' id='word_1_207' title='bbox 1281 2387 1450 2421; x_wconf 89' lang='lat' dir='ltr'>cursu.</span> 
     </span>
    </p>

    <p class='ocr_par' dir='ltr' id='par_1_13' title="bbox 128 2440 1693 2511">
     <span class='ocr_line' id='line_1_32' title="bbox 128 2440 1693 2511; baseline 0.001 -18"><span class='ocrx_word' id='word_1_208' title='bbox 128 2440 380 2510; x_wconf 88' lang='lat' dir='ltr'>Agmina,</span> <span class='ocrx_word' id='word_1_209' title='bbox 420 2442 716 2510; x_wconf 85' lang='lat' dir='ltr'>suspiciens</span> <span class='ocrx_word' id='word_1_210' title='bbox 757 2443 987 2494; x_wconf 88' lang='lat' dir='ltr'>caelum:</span> <span class='ocrx_word' id='word_1_211' title='bbox 1028 2441 1149 2494; x_wconf 73' lang='lat' dir='ltr'>‘Nil</span> <span class='ocrx_word' id='word_1_212' title='bbox 1189 2441 1455 2511; x_wconf 80' lang='lat' dir='ltr'>ampliuS,&#39;</span> <span class='ocrx_word' id='word_1_213' title='bbox 1496 2441 1693 2511; x_wconf 89' lang='lat' dir='ltr'>inquit,</span> 
     </span>
    </p>
   </div>
   <div class='ocr_carea' id='block_1_3' title="bbox 128 2543 482 2551">
    <p class='ocr_par' dir='ltr' id='par_1_14' title="bbox 128 2543 482 2551">
     <span class='ocr_line' id='line_1_33' title="bbox 128 2543 482 2551; baseline 0 0"><span class='ocrx_word' id='word_1_214' title='bbox 128 2543 482 2551; x_wconf 95' lang='lat' dir='ltr'> </span> 
     </span>
    </p>
   </div>
   <div class='ocr_carea' id='block_1_4' title="bbox 131 2598 1813 2938">
    <p class='ocr_par' dir='ltr' id='par_1_15' title="bbox 131 2598 1813 2938">
     <span class='ocr_line' id='line_1_34' title="bbox 249 2598 1813 2659; baseline 0.003 -16"><span class='ocrx_word' id='word_1_215' title='bbox 249 2604 304 2644; x_wconf 82' lang='lat'>53</span> <span class='ocrx_word' id='word_1_216' title='bbox 336 2598 491 2659; x_wconf 89' lang='lat' dir='ltr'>laeua]</span> <span class='ocrx_word' id='word_1_217' title='bbox 525 2599 625 2644; x_wconf 83' lang='lat' dir='ltr'>lata</span> <span class='ocrx_word' id='word_1_218' title='bbox 654 2600 799 2645; x_wconf 76' lang='lat' dir='ltr'>Bothe</span> <span class='ocrx_word' id='word_1_219' title='bbox 920 2604 977 2644; x_wconf 86' lang='lat'>54</span> <span class='ocrx_word' id='word_1_220' title='bbox 1008 2600 1231 2644; x_wconf 84' lang='lat' dir='ltr'>refluxum</span> <span class='ocrx_word' id='word_1_221' title='bbox 1264 2605 1324 2643; x_wconf 83' lang='lat' dir='ltr'>Ch</span> <span class='ocrx_word' id='word_1_222' title='bbox 1361 2601 1557 2645; x_wconf 85' lang='lat' dir='ltr'>reflexus</span> <span class='ocrx_word' id='word_1_223' title='bbox 1589 2601 1813 2657; x_wconf 80' lang='lat' dir='ltr'>Lefebure</span> 
     </span>
     <span class='ocr_line' id='line_1_35' title="bbox 131 2658 1811 2715; baseline 0.002 -13"><span class='ocrx_word' id='word_1_224' title='bbox 131 2662 188 2702; x_wconf 82' lang='lat'>55</span> <span class='ocrx_word' id='word_1_225' title='bbox 220 2658 288 2702; x_wconf 90' lang='lat' dir='ltr'>Ac</span> <span class='ocrx_word' id='word_1_226' title='bbox 311 2663 343 2700; x_wconf 80' lang='lat'>1.</span> <span class='ocrx_word' id='word_1_227' title='bbox 375 2683 432 2691; x_wconf 92' lang='lat'>——</span> <span class='ocrx_word' id='word_1_228' title='bbox 463 2671 583 2715; x_wconf 83' lang='lat' dir='ltr'>pone</span> <span class='ocrx_word' id='word_1_229' title='bbox 608 2663 680 2701; x_wconf 75' lang='lat' dir='ltr'>em</span> <span class='ocrx_word' id='word_1_230' title='bbox 703 2659 796 2715; x_wconf 82' lang='lat' dir='ltr'>Ep.</span> <span class='ocrx_word' id='word_1_231' title='bbox 822 2662 882 2703; x_wconf 90' lang='lat'>19</span> <span class='ocrx_word' id='word_1_232' title='bbox 913 2684 967 2691; x_wconf 94' lang='lat'><em>-</em></span> <span class='ocrx_word' id='word_1_233' title='bbox 1001 2671 1166 2702; x_wconf 86' lang='lat' dir='ltr'>auersa</span> <span class='ocrx_word' id='word_1_234' title='bbox 1189 2659 1415 2704; x_wconf 75' lang='lat' dir='ltr'>Heinsius</span> <span class='ocrx_word' id='word_1_235' title='bbox 1494 2665 1549 2705; x_wconf 91' lang='lat'>60</span> <span class='ocrx_word' id='word_1_236' title='bbox 1575 2659 1714 2705; x_wconf 81' lang='lat' dir='ltr'>crinis</span> <span class='ocrx_word' id='word_1_237' title='bbox 1741 2666 1811 2705; x_wconf 83' lang='lat' dir='ltr'>ov</span> 
     </span>
     <span class='ocr_line' id='line_1_36' title="bbox 132 2716 1811 2775; baseline 0.002 -14"><span class='ocrx_word' id='word_1_238' title='bbox 132 2717 268 2761; x_wconf 83' lang='lat' dir='ltr'>trinis</span> <span class='ocrx_word' id='word_1_239' title='bbox 292 2721 360 2759; x_wconf 66' lang='grc' dir='ltr'>ΒΕ</span> <span class='ocrx_word' id='word_1_240' title='bbox 393 2717 555 2761; x_wconf 81' lang='lat' dir='ltr'>cristas</span> <span class='ocrx_word' id='word_1_241' title='bbox 582 2718 720 2762; x_wconf 82' lang='lat' dir='ltr'>Blass</span> <span class='ocrx_word' id='word_1_242' title='bbox 841 2721 894 2762; x_wconf 87' lang='lat'>61</span> <span class='ocrx_word' id='word_1_243' title='bbox 928 2716 1103 2762; x_wconf 82' lang='lat' dir='ltr'>reiecta</span> <span class='ocrx_word' id='word_1_244' title='bbox 1126 2718 1350 2763; x_wconf 74' lang='lat' dir='ltr'>Heinsius</span> <span class='ocrx_word' id='word_1_245' title='bbox 1381 2718 1564 2764; x_wconf 82' lang='lat' dir='ltr'>deiecta</span> <span class='ocrx_word' id='word_1_246' title='bbox 1588 2719 1811 2775; x_wconf 79' lang='lat' dir='ltr'>Lefebure</span> 
     </span>
     <span class='ocr_line' id='line_1_37' title="bbox 132 2774 1811 2834; baseline 0.001 -14"><span class='ocrx_word' id='word_1_247' title='bbox 132 2781 186 2820; x_wconf 82' lang='lat'>67</span> <span class='ocrx_word' id='word_1_248' title='bbox 221 2774 413 2834; x_wconf 89' lang='lat' dir='ltr'>dilecto]</span> <span class='ocrx_word' id='word_1_249' title='bbox 448 2775 623 2820; x_wconf 84' lang='lat' dir='ltr'>directo</span> <span class='ocrx_word' id='word_1_250' title='bbox 656 2777 731 2821; x_wconf 82' lang='lat' dir='ltr'>uel</span> <span class='ocrx_word' id='word_1_251' title='bbox 761 2776 963 2820; x_wconf 87' lang='lat' dir='ltr'>adducto</span> <span class='ocrx_word' id='word_1_252' title='bbox 994 2777 1221 2821; x_wconf 76' lang='lat' dir='ltr'>Heinsius</span> <span class='ocrx_word' id='word_1_253' title='bbox 1385 2781 1441 2821; x_wconf 88' lang='grc'>68</span> <span class='ocrx_word' id='word_1_254' title='bbox 1473 2791 1661 2823; x_wconf 84' lang='lat' dir='ltr'>consors</span> <span class='ocrx_word' id='word_1_255' title='bbox 1693 2781 1811 2824; x_wconf 84' lang='lat' dir='ltr'>idem</span> 
     </span>
     <span class='ocr_line' id='line_1_38' title="bbox 134 2834 1811 2882; baseline 0 -3"><span class='ocrx_word' id='word_1_256' title='bbox 134 2839 185 2879; x_wconf 82' lang='lat'>71</span> <span class='ocrx_word' id='word_1_257' title='bbox 221 2834 495 2879; x_wconf 84' lang='lat' dir='ltr'>caedentum</span> <span class='ocrx_word' id='word_1_258' title='bbox 529 2839 590 2877; x_wconf 79' lang='lat' dir='ltr'>eh</span> <span class='ocrx_word' id='word_1_259' title='bbox 636 2835 881 2879; x_wconf 84' lang='lat' dir='ltr'>cedentum</span> <span class='ocrx_word' id='word_1_260' title='bbox 914 2839 1019 2877; x_wconf 71' lang='lat' dir='ltr'>Lrv</span> <span class='ocrx_word' id='word_1_261' title='bbox 1067 2836 1315 2879; x_wconf 84' lang='lat' dir='ltr'>cadentum</span> <span class='ocrx_word' id='word_1_262' title='bbox 1349 2839 1379 2878; x_wconf 91' lang='lat'><strong>0</strong></span> <span class='ocrx_word' id='word_1_263' title='bbox 1563 2841 1617 2881; x_wconf 81' lang='lat'>75</span> <span class='ocrx_word' id='word_1_264' title='bbox 1651 2850 1706 2882; x_wconf 89' lang='lat' dir='ltr'>en</span> <span class='ocrx_word' id='word_1_265' title='bbox 1740 2842 1811 2880; x_wconf 82' lang='lat' dir='ltr'>ov</span> 
     </span>
     <span class='ocr_line' id='line_1_39' title="bbox 132 2892 1508 2938; baseline 0.001 -2"><span class='ocrx_word' id='word_1_266' title='bbox 132 2893 226 2937; x_wconf 85' lang='lat' dir='ltr'>heu</span> <span class='ocrx_word' id='word_1_267' title='bbox 255 2898 322 2935; x_wconf 78' lang='lat' dir='ltr'>LF</span> <span class='ocrx_word' id='word_1_268' title='bbox 445 2898 499 2938; x_wconf 88' lang='lat'>81</span> <span class='ocrx_word' id='word_1_269' title='bbox 534 2895 600 2937; x_wconf 84' lang='lat' dir='ltr'>Ac</span> <span class='ocrx_word' id='word_1_270' title='bbox 633 2898 692 2935; x_wconf 82' lang='lat'>011</span> <span class='ocrx_word' id='word_1_271' title='bbox 737 2892 799 2937; x_wconf 80' lang='lat' dir='ltr'>At</span> <span class='ocrx_word' id='word_1_272' title='bbox 831 2898 861 2936; x_wconf 91' lang='lat'><strong>0</strong></span> <span class='ocrx_word' id='word_1_273' title='bbox 985 2897 1039 2937; x_wconf 89' lang='grc'>83</span> <span class='ocrx_word' id='word_1_274' title='bbox 1074 2893 1140 2937; x_wconf 85' lang='lat' dir='ltr'>nil</span> <span class='ocrx_word' id='word_1_275' title='bbox 1171 2899 1239 2936; x_wconf 70' lang='lat' dir='ltr'>LE</span> <span class='ocrx_word' id='word_1_276' title='bbox 1284 2893 1405 2938; x_wconf 79' lang='lat' dir='ltr'>nihil</span> <span class='ocrx_word' id='word_1_277' title='bbox 1436 2899 1508 2938; x_wconf 62' lang='grc' dir='ltr'>ΟΨ</span> 
     </span>
    </p>
   </div>
  </div>
 </body>
</html>
