1988 3190
622 115 986 162 PUNICORUM
1007 115 1188 160 LIBER
1218 113 1317 159 XV.
1718 113 1824 166 127

133 252 376 306 Poenum
414 251 580 305 uicini
619 252 872 305 seruabat
911 251 1147 319 caespite
1188 250 1336 304 ualli.
1740 261 1827 302 545

137 326 243 380 Hic
279 326 531 393 iuuenem
574 326 890 396 aggreditur
928 324 1118 379 Latiae
1157 324 1370 378 telluris
1409 323 1617 393 imago:

134 399 486 455 ‘Clausorum
525 400 685 453 decus
719 403 880 470 atque
920 402 1107 469 erepto
1148 398 1386 452 maxima
1424 397 1631 451 Romae

134 473 267 543 Spes
305 472 453 528 Nero
492 473 769 543 Marcello,
806 492 997 543 rumpe
1037 477 1198 543 atque
1239 471 1447 541 expelle
1489 471 1738 542 quietem.

135 548 400 618 Magnum
440 548 647 617 aliquid
685 548 806 618 tibi,
846 549 893 601 si
930 547 1138 617 patriae
1177 548 1260 599 uis
1301 545 1496 599 addere
1534 545 1667 612 fata,

130 622 458 676 Audendum
493 625 588 691 est,
630 622 787 691 quod,
828 622 1053 690 depulso
1087 639 1298 691 quoque
1330 620 1611 673 moenibus
1651 620 1825 688 hoste,

131 694 384 749 Uictores
422 695 615 749 fecisse
654 699 907 751 tremant.
968 695 1303 765 fulgentibus
1346 693 1510 747 armis
1739 706 1824 746 551

129 769 344 823 Poenus
385 769 673 822 inundauit
712 787 950 838 campos»,
989 788 1096 839 qua
1130 767 1268 821 Sena
1306 768 1559 821 relictum

135 843 420 897 Gallorum
459 861 491 896 a
530 843 747 913 populis
788 846 971 897 seruat
1007 861 1104 912 per
1144 842 1361 896 saecula
1398 860 1610 894 nomen.

130 917 204 971 Ni
242 935 473 987 propere
514 917 751 987 alipedes
791 917 937 987 rapis
979 917 1047 969 ad
1085 917 1383 970 certamina
1421 919 1647 985 turmas,

134 989 294 1044 Serus
336 991 543 1044 deletae
581 995 710 1061 post
750 991 1079 1044 auxiliabere
1118 990 1339 1043 Romae.
1736 1001 1821 1042 555

132 1062 319 1135 Surge,
359 1083 476 1136 age,
512 1064 597 1117 fer
637 1083 869 1136 gressus.
931 1065 1148 1134 patulos
1187 1065 1408 1133 regione
1446 1062 1679 1115 Metauri

129 1138 400 1192 Damnaui
430 1139 656 1192 tumulis
697 1139 1006 1193 Poenorum
1046 1142 1206 1208 atque
1247 1137 1460 1191 ossibus
1502 1135 1699 1207 agros?

129 1211 230 1266 His
271 1212 426 1266 dictis
467 1213 584 1266 abit
623 1216 784 1282 atque
825 1213 1118 1266 abscedens
1157 1213 1276 1265 uisa
1314 1215 1603 1280 pauentem

129 1287 420 1340 Attrahere
458 1290 515 1340 et
551 1286 737 1340 fractis
776 1291 982 1340 turmas
1022 1287 1324 1356 propellere
1363 1285 1550 1354 portis.

202 1359 429 1429 Rumpit
466 1360 746 1414 flammato
785 1361 1038 1414 turbatus
1077 1360 1236 1414 corde
1277 1377 1527 1428 soporem
1731 1371 1818 1413 560

131 1432 228 1502 Ac,
269 1434 499 1503 supplex
538 1435 780 1503 geminas
819 1435 1043 1486 tendens
1083 1434 1150 1486 ad
1190 1433 1366 1486 sidera
1404 1433 1635 1502 palmas,

130 1506 398 1560 Tellurem
441 1506 779 1576 Noctemque
819 1511 874 1560 et
913 1508 1060 1560 caelo
1103 1524 1292 1576 sparsa
1331 1510 1587 1575 precatur

130 1581 302 1633 Astra
342 1580 636 1650 ducemque
675 1581 796 1634 uiae
834 1582 1001 1634 tacito
1043 1581 1141 1634 sub
1181 1581 1382 1633 lumine
1420 1578 1692 1632 Phoeben.

135 1654 268 1707 Inde
307 1655 443 1725 legit
481 1654 672 1724 dignas
711 1657 868 1708 tanta
909 1655 976 1708 ad
1016 1654 1302 1708 conamina
1342 1654 1574 1707 dextras,

131 1727 352 1796 Quaque
391 1729 530 1780 iacet
569 1728 750 1796 superi
788 1728 1015 1781 Larinas
1056 1729 1238 1782 accola
1277 1728 1448 1796 ponti,
1735 1740 1820 1782 565

132 1800 249 1863 Qua
290 1801 410 1854 duri
447 1801 591 1855 bello
632 1820 763 1872 gens
803 1802 1108 1856 Marrucina
1149 1802 1415 1871 fidemque

135 1875 348 1928 Exuere
387 1875 636 1928 indocilis
678 1876 837 1930 sociis
876 1875 1182 1929 Frentanus
1222 1877 1281 1928 in
1321 1875 1502 1943 armiS,

135 1948 290 2016 Tum,
331 1967 436 2018 qua
474 1949 723 2004 uitiferos
763 1950 992 2003 domitat
1030 1950 1311 2003 Praetutia
1347 1950 1534 2018 pubeS‚

137 2021 313 2075 Laeta
350 2023 571 2090 laboris,
611 2040 789 2092 agrOS,
828 2027 884 2076 et
921 2042 1099 2093 penna
1138 2027 1191 2076 et
1228 2023 1457 2076 fulmine
1497 2027 1552 2075 et
1589 2023 1747 2075 undis

130 2095 393 2148 Hibernis
433 2099 488 2148 et
527 2096 892 2150 Achaemenio
932 2097 1172 2150 uelocior
1211 2115 1337 2150 arcu
1733 2110 1819 2149 570

129 2169 348 2222 Euolat.
409 2169 659 2223 hortator
700 2170 804 2223 sibi
844 2171 1088 2240 quisque:
1137 2170 1309 2240 ‘Age,
1355 2187 1540 2239 perge,
1588 2170 1818 2222 salutem

130 2242 407 2296 Ausoniae
447 2243 710 2312 ancipites
752 2244 931 2313 superi
972 2248 1040 2312 et,
1080 2246 1189 2297 stet
1228 2243 1402 2296 Roma
1441 2243 1682 2310 cadatne‚

127 2316 192 2368 In
231 2316 455 2385 pedibus
495 2334 722 2383 posuere
761 2317 906 2385 tuis?
946 2318 1287 2386 clamantque
1326 2321 1612 2385 ruuntque.

128 2389 397 2442 Hortandi
437 2406 605 2458 genus
635 2420 697 2428 —
729 2408 851 2443 acer
888 2391 1054 2443 hauet
1093 2390 1410 2459 praecedere
1449 2390 1655 2442 ductor.

263 2508 349 2548 545
405 2503 511 2560 ual,
557 2505 635 2550 sed
687 2506 718 2550 i.
773 2519 916 2564 mary,
970 2504 1088 2548 ualli
1142 2509 1176 2547 F
1235 2503 1374 2548 uallis
1420 2508 1453 2547 L
1514 2504 1693 2548 uallum
1743 2509 1814 2548 ΟΥ

128 2567 214 2608 548
247 2563 391 2620 Nero]
424 2576 535 2607 uero
568 2568 595 2605 s
774 2568 858 2608 549
899 2564 998 2608 fata
1029 2577 1114 2609 scr.
1146 2562 1256 2608 fatis
1290 2568 1315 2605 s
1362 2562 1487 2606 uires
1518 2562 1718 2619 Ruperti
1751 2589 1808 2596 -

128 2625 176 2666 te
209 2622 381 2666 addere
411 2620 546 2666 fastis
577 2622 717 2666 Blass
778 2626 865 2666 554
895 2622 1094 2681 turmas]
1128 2635 1308 2678 pugnas
1331 2626 1364 2664 L
1426 2624 1511 2666 555
1538 2622 1719 2667 deletae
1744 2627 1811 2665 Lo

128 2680 338 2725 delectae
378 2685 413 2722 F
466 2679 670 2725 dilectae
709 2685 745 2723 V
925 2685 1010 2726 556
1057 2680 1258 2725 metauri
1303 2684 1411 2723 FOV
1463 2679 1668 2725 Matauri
1714 2686 1815 2724 0111.

129 2740 208 2794 (cf.
256 2739 374 2784 VII.
407 2741 522 2795 486)
704 2743 790 2784 558
838 2739 1092 2784 abscedens
1137 2745 1209 2782 cm
1246 2739 1339 2796 Ep.
1372 2743 1401 2783 4
1449 2739 1733 2784 descendens
1782 2745 1813 2783 0

126 2801 210 2843 561
245 2798 308 2841 At
338 2802 370 2840 1.
522 2803 607 2843 563
639 2797 817 2842 lumine
847 2802 914 2840 Lo
962 2798 1123 2842 limine
1154 2802 1227 2840 Fv
1381 2802 1467 2842 570
1498 2798 1815 2844 Achaemenio

128 2861 200 2900 cm
230 2857 320 2914 Ep.
347 2860 377 2900 4
499 2860 583 2900 572
616 2857 817 2901 cadatne
850 2861 881 2900 0
930 2857 1127 2902 cadatue
1158 2861 1265 2899 LFV
1393 2861 1479 2902 573
1513 2857 1744 2902 clamatue
1781 2861 1811 2899 0

129 2940 184 2948 -
216 2918 416 2960 ruuntue
450 2919 520 2957 ov
642 2919 729 2960 574
760 2915 904 2961 hauet
934 2929 1020 2962 scr.
1052 2916 1195 2961 habet
1219 2920 1245 2958 8
1275 2916 1351 2970 (cf.
1380 2917 1426 2959 I.
1452 2918 1532 2972 61)
