1988 3190
189 125 262 177 42
856 122 970 168 SILI
1000 121 1220 168 ITALICI

263 260 519 314 Instincti
558 260 866 330 glomerant
906 277 1139 330 gressus.
1199 259 1376 312 Roma
1417 258 1637 311 auribus
1675 259 1882 330 haeret,

187 335 363 388 Roma
403 334 588 388 oculis.
650 333 980 403 creduntque
1021 334 1172 387 ducis
1213 333 1530 386 sollertibus
1569 332 1705 386 actis

189 409 389 479 Aptius
428 409 484 461 id
525 411 793 477 coeptum,
833 426 996 477 quam
1037 408 1084 461 si
1123 407 1367 461 duxisset
1406 407 1474 460 ab
1513 405 1634 476 ipso
1791 420 1877 462 520

189 483 371 538 Fatali
409 482 677 536 Aeneadis
718 500 924 551 camp0.
988 482 1260 535 Uulturna
1301 481 1467 535 citata

191 557 530 610 Tramittunt
570 557 693 609 alno
732 556 875 609 uada
912 555 1281 626 postremique
1320 556 1634 625 relinquunt

194 631 495 684 Tardandis
533 630 691 684 Italis
732 636 1015 699 corruptas
1054 630 1184 700 igne
1224 631 1450 684 carinas

191 705 333 758 Tum
374 704 612 759 Sidicina
649 705 840 774 legunt
878 704 1185 774 pernicibus
1226 723 1359 758 arua
1399 705 1655 776 maniplis

189 779 598 848 Threiciamque
639 778 819 845 Calen,
857 782 1068 832 uestras
1110 798 1142 832 a
1177 778 1398 831 nomine
1435 779 1567 849 nati,
1792 792 1879 846 525

191 853 460 924 Orithyia,
499 854 705 907 domos
766 853 891 906 hinc
933 853 1206 906 Allifanus
1245 852 1440 906 Iaccho

191 927 353 982 Haud
391 928 666 981 inamatus
708 945 838 998 ager
875 927 1238 998 nymphisque
1277 927 1528 980 habitata
1568 926 1778 981 Casinis

194 1002 346 1055 Rura
385 1005 726 1071 euastantur3
767 1020 895 1055 mox
934 1004 988 1054 et
1027 1002 1238 1055 uicinus
1277 1001 1524 1071 Aquinas

194 1076 285 1145 Et,
325 1095 461 1146 quae
500 1076 805 1129 fumantem
843 1079 1024 1128 texere
1064 1075 1309 1146 giganta,
1346 1074 1627 1146 Fregellae

192 1150 430 1221 Agmine
472 1154 767 1220 carpuntur
804 1149 1030 1204 uolucri.
1091 1151 1199 1202 fert
1239 1148 1481 1203 concitus
1520 1149 1643 1202 inde
1795 1161 1883 1203 530

193 1225 299 1278 Per
337 1225 468 1296 iuga
507 1225 650 1278 celsa
689 1224 931 1295 gradum,
971 1223 1120 1277 duris
1162 1242 1269 1293 qua
1307 1223 1533 1294 rupibus
1573 1224 1765 1277 haeret

192 1299 437 1352 Bellator
476 1297 730 1369 Frusino,
769 1301 824 1350 ct
864 1299 1042 1367 surgit
1082 1316 1345 1367 suspensa
1387 1297 1619 1350 tumenti

195 1373 372 1426 Dorso
411 1372 692 1443 frugiferis
733 1371 971 1426 Cerealis
1010 1372 1266 1442 Anagnia
1305 1372 1493 1443 glebis,

194 1446 419 1517 Iamque
460 1448 592 1500 adeo
635 1450 718 1499 est
756 1464 976 1515 campos
1015 1446 1295 1516 ingressus
1337 1448 1391 1498 et
1432 1464 1565 1499 arua
1601 1444 1806 1515 Labici,

197 1521 474 1590 Linquens
516 1521 778 1590 Telegoni
815 1520 1065 1590 pulsatos
1107 1520 1274 1573 ariete
1314 1538 1514 1589 murOS,
1798 1531 1885 1572 535

195 1594 358 1649 Haud
383 1595 602 1666 dignam
627 1596 770 1648 inter
793 1597 948 1648 tanta
972 1613 1196 1648 moram.
1242 1612 1342 1647 nec
1367 1611 1595 1647 amoena
1610 1595 1888 1646 retentant

197 1669 398 1740 Algida
436 1688 535 1723 nec
574 1669 727 1722 iuxta
763 1668 988 1722 Iunonis
1028 1671 1174 1721 tecta
1213 1667 1472 1721 Gabinae.

199 1744 466 1812 Praeceps
508 1743 575 1796 ad
614 1744 761 1812 ripas
800 1743 1027 1795 immani
1066 1742 1284 1795 turbine
1322 1742 1508 1811 fertur,

202 1816 520 1886 Sulphureis
563 1816 774 1885 gelidus
815 1834 921 1885 qua
962 1817 1131 1884 serpit
1170 1815 1366 1868 leniter
1404 1814 1562 1867 undis

197 1891 286 1943 Ad
311 1891 612 1960 genitorem
634 1890 793 1959 Ani0,
815 1890 1004 1942 labens
1031 1889 1144 1942 sine
1170 1907 1458 1958 murmure,
1481 1887 1761 1958 Thybrim.
1802 1901 1889 1942 540

272 1964 377 2017 Hic
416 1967 477 2017 ut
516 1964 676 2035 signa
713 1963 868 2017 ferox
907 1963 1253 2032 dimensaque
1294 1967 1474 2016 castra
1512 1962 1717 2015 locauit

196 2038 273 2091 Et
311 2038 458 2108 ripas
497 2037 801 2091 tremefecit
840 2055 1019 2107 equeS,
1055 2037 1349 2107 perterrita
1387 2036 1560 2107 pulsis

201 2112 307 2165 Ilia
344 2112 523 2181 prima
560 2113 716 2165 uadis
759 2130 913 2165 sacro
954 2131 1010 2164 se
1050 2111 1296 2181 coniugis
1338 2116 1491 2164 antro

199 2185 471 2256 Condidit,
511 2190 565 2240 et
605 2188 828 2240 cunctae
867 2185 1128 2256 fugerunt
1169 2185 1382 2256 gurgite
1420 2183 1710 2254 nymphae.

200 2261 279 2313 At
317 2263 520 2314 matres
560 2259 768 2329 Latiae,
808 2278 905 2313 ceu
944 2260 1157 2312 moenia
1193 2259 1344 2311 nulla
1385 2257 1672 2327 supersint,
1803 2269 1889 2310 545

207 2333 485 2388 Attonitae
525 2335 731 2403 passim
769 2333 1073 2386 furibundis
1115 2332 1389 2403 gressibus
1430 2333 1629 2385 errant.

203 2407 348 2461 Ante
390 2408 576 2462 oculos
618 2410 803 2461 astant
842 2407 1050 2460 lacerae
1089 2406 1488 2476 trepidantibus
1528 2405 1768 2475 umbrae,

322 2587 408 2627 518
440 2582 656 2628 Instincti
681 2588 754 2626 cm
778 2584 806 2626 l.
834 2583 860 2626 l.
888 2587 915 2625 8
955 2580 1176 2626 Instructi
1204 2581 1302 2626 edd.
1327 2581 1578 2626 nonnullae
1639 2583 1726 2625 520
1750 2592 1892 2636 quam

204 2641 244 2684 si
277 2646 349 2684 cm
381 2643 409 2688 l.
435 2643 463 2688 l.
649 2646 733 2686 522
767 2642 875 2686 alno
908 2642 1033 2686 cml.
1060 2642 1087 2686 l.
1130 2641 1238 2685 aluo
1270 2645 1297 2683 S
1477 2643 1564 2684 526
1597 2637 1794 2696 Orythia
1823 2642 1896 2681 1213·

206 2700 392 2744 Orithia
424 2705 495 2743 ov
531 2726 586 2734 -
618 2700 859 2745 Aelifanus
893 2705 951 2744 cd
977 2699 1050 2767 (T.
1073 2714 1121 2768 10.
1146 2703 1265 2756 215)
1331 2703 1416 2743 527
1450 2697 1684 2743 inamatus
1709 2698 1833 2742 cml.
1862 2698 1890 2742 l.

205 2785 259 2792 —-
292 2759 514 2816 nymphis
546 2760 592 2805 h.
627 2759 804 2805 Casinis
837 2763 898 2803 ch
946 2758 1092 2804 casini
1125 2765 1150 2802 S
1332 2763 1416 2803 529
1454 2757 1515 2801 Et
1546 2760 1616 2799 ΟΥ
1661 2755 1726 2799 At
1757 2759 1892 2799 (2er

206 2819 273 2863 Ac
306 2819 530 2863 Heinsius
562 2844 619 2852 -
651 2818 873 2876 fregellae
905 2824 939 2861 1.
985 2819 1211 2876 fragellae
1243 2821 1351 2860 Fov
1532 2819 1614 2860 531
1649 2813 1800 2860 thuris
1831 2818 1893 2857 Oh

209 2882 295 2923 534
326 2875 504 2934 Labyci
536 2882 596 2920 ch
717 2883 802 2922 545
837 2881 1088 2935 supemunt
1118 2882 1150 2919 L
1287 2880 1374 2921 546
1404 2876 1479 2921 hie
1509 2889 1554 2919 u.
1588 2875 1641 2919 in
1670 2874 1762 2919 Col.
1786 2878 1893 2918 teste

205 2938 401 2982 Heinsio
426 2938 638 2994 proxime
669 2939 873 2994 sequenti
895 2938 1176 2994 postpositus
1207 2940 1307 2981 erat
