1988 3190
179 94 250 148 36
843 94 959 139 sim
990 94 1214 141 ITALlci

178 230 457 285 Affluxere
497 230 661 285 etiam
705 233 760 283 et
799 230 951 284 sedes
989 249 1218 302 posuere
1258 234 1476 286 coactas

177 305 428 376 Dispersi
466 305 664 376 pelago
704 309 832 373 post
874 308 1028 358 eruta
1065 305 1332 376 Pergama
1370 304 1580 359 Teucri.

176 379 293 433 Nec
333 398 564 448 paruum
604 378 781 449 dcem,
821 380 1045 433 aduecto
1087 398 1208 433 cum
1248 381 1421 434 classe
1459 382 1690 449 paterna

176 453 412 524 Agmine
454 453 840 523 Thespiadum,
877 455 1055 523 terris,
1094 453 1260 523 Iolae,
1299 453 1510 507 dedisti.

177 527 351 581 Fama
391 530 491 596 est,
531 545 653 581 cum
693 528 888 581 laceris
927 527 1173 582 Actaeon
1210 527 1392 582 flebile
1431 527 1690 581 membris
1784 542 1870 583 365

180 601 520 672 Supplicium
559 603 733 655 lueret
773 605 1052 671 spectatae
1090 603 1149 656 in
1186 602 1339 657 fonte
1378 601 1603 667 Dianae,

175 675 493 730 Attonitum
532 677 781 730 nouitate
819 676 950 730 mali
988 676 1192 747 fugisse
1231 679 1514 746 parentem

174 750 279 803 Per
318 750 460 804 freta
498 749 813 804 Aristaeum
854 755 908 803 et
950 749 1186 805 Sardoos
1225 751 1334 805 isse
1372 767 1645 820 recessus3

177 823 425 894 Cyrenen
464 828 800 878 monstrasse
839 824 1022 878 ferunt
1059 843 1207 879 noua
1244 825 1407 879 litora
1447 826 1694 878 matrem.

177 897 501 967 Serpentum
540 899 708 951 tellus
747 917 884 968 pura
924 917 986 953 ac
1026 899 1251 953 uiduata
1290 898 1529 967 uenenis,
1742 949 1748 954 .
1783 913 1872 954 370

178 970 284 1026 Sed
323 972 500 1026 tristis
540 974 692 1026 caelo
733 977 787 1025 et
825 973 999 1026 multa
1037 973 1234 1027 uitiata
1270 973 1483 1044 palude.

177 1046 294 1109 Qua
332 1047 480 1100 uidet
517 1046 754 1116 Italiam,
794 1065 988 1101 saxoso
1028 1047 1237 1101 torrida
1277 1049 1437 1101 dorso

174 1120 407 1175 Exercet
447 1121 684 1190 scopulis
725 1121 835 1174 late
873 1120 1017 1175 freta
1054 1121 1367 1191 pallidaque
1407 1121 1554 1173 intus

173 1194 324 1248 Arua
363 1195 546 1265 coquit
582 1195 827 1263 nimium,
866 1193 1075 1249 Cancro
1114 1195 1452 1249 fumantibus
1490 1191 1724 1247 Austris.

177 1267 373 1323 Cetera
410 1287 715 1340 propensae
756 1267 966 1323 Cereris
1004 1270 1213 1323 nutrita
1252 1269 1452 1323 fauore.
1784 1282 1871 1323 375

249 1342 371 1397 Hoc
408 1343 603 1397 habitu
642 1347 820 1398 terrae
859 1362 1150 1397 nemorosa
1188 1361 1284 1413 per
1322 1343 1471 1397 inuia
1510 1342 1700 1396 crebro

177 1417 517 1487 Torquatum
559 1418 777 1471 eludens
816 1417 1042 1487 HostuS,
1084 1417 1305 1472 Sidonia
1341 1433 1559 1487 pugnae

177 1491 313 1545 Tela
355 1493 679 1561 expectabat
717 1493 999 1562 sociosque
1038 1492 1244 1546 laboris
1283 1491 1537 1544 Hiberos,

177 1565 281 1628 Qui
318 1568 613 1636 postquam
654 1566 897 1636 appulsis
938 1566 1150 1621 animos
1191 1584 1386 1620 auxere
1425 1564 1639 1634 cariniS‚

175 1639 338 1693 Haud
377 1658 553 1694 mora:
592 1641 899 1710 prorumpit
939 1641 1191 1711 latebris;
1230 1641 1564 1708 aduersaque
1602 1638 1716 1692 late
1784 1652 1871 1693 380

176 1713 417 1784 Agmina
456 1714 854 1785 inhorrescunt,
894 1715 1224 1784 longumque
1266 1714 1407 1768 coire
1447 1713 1662 1765 uidetur

175 1787 252 1841 Et
292 1788 535 1841 conferre
574 1788 820 1857 gradum.
882 1788 1061 1841 media
1098 1789 1388 1841 interualla
1427 1786 1668 1856 patentis

179 1860 492 1931 Corripiunt
531 1861 709 1931 campi
747 1862 1055 1931 properatis
1097 1862 1303 1915 eminus
1343 1861 1535 1928 hastiS‚

176 1935 366 1988 Donec
407 1935 475 1988 ad
516 1938 768 2004 expertos
810 1953 980 2005 enseS‚
1018 1935 1283 1989 fidissima
1322 1935 1448 2004 tela,

177 2009 522 2063 Peruentum.
589 2009 704 2062 dira
744 2009 869 2063 inde
901 2010 1032 2078 lueS‚
1064 2009 1398 2079 caeduntque
1432 2008 1737 2077 caduntque
1784 2021 1871 2061 385

181 2082 506 2152 Alternique
548 2083 756 2136 animas
797 2102 958 2137 saeuo
998 2084 1055 2136 in
1092 2102 1347 2138 mucrone
1386 2082 1711 2151 relinquunt.

256 2155 384 2210 Non
409 2157 655 2226 equidem
687 2158 1000 2211 innumeras
1033 2159 1222 2211 caedes
1255 2160 1441 2227 totque
1473 2155 1694 2209 horrida
1724 2155 1871 2209 facta

185 2229 461 2299 Sperarim
500 2234 658 2285 tanto
700 2232 859 2302 digne
898 2250 997 2301 pro
1037 2233 1257 2285 nomine
1296 2249 1474 2284 rerum

178 2304 419 2358 Pandere
459 2323 558 2359 nec
598 2305 757 2358 dictis
788 2306 1094 2358 bellantum
1135 2323 1363 2375 aequare
1405 2304 1659 2357 calorem.

180 2377 286 2431 Sed
325 2397 440 2448 uo8‚
479 2378 744 2449 Calliope,
781 2382 969 2433 nostro
1011 2379 1209 2432 donate
1248 2378 1439 2447 labori,
1782 2391 1869 2430 390
1945 2384 1948 2387 '

299 2558 384 2598 362
419 2552 576 2599 diruta
608 2554 791 2599 Gronov
885 2558 972 2598 364
1003 2554 1095 2599 iole
1119 2558 1221 2596 1.Ὲο
1253 2553 1359 2609 yole
1383 2557 1420 2594 V
1514 2557 1601 2597 365
1634 2551 1806 2597 etheon
1838 2556 1870 2594 1.

181 2613 379 2655 aetaeon
403 2616 513 2656 Fov
583 2618 670 2657 366
702 2612 753 2656 in
776 2613 897 2658 deest
919 2614 973 2658 i‘n
997 2617 1023 2655 S
1093 2618 1179 2658 369
1213 2614 1420 2670 Cyrenen
1445 2615 1483 2653 V
1517 2610 1742 2667 Cyrenem
1765 2614 1869 2653 Lro

182 2674 269 2714 370
301 2683 354 2713 ac
385 2671 599 2730 uiduata]
632 2671 880 2716 inuiduata
913 2676 939 2715 8
974 2698 1029 2704 -
1059 2672 1230 2717 ueneni
1261 2671 1486 2716 Heinsius
1625 2673 1709 2715 371
1742 2668 1871 2714 tristi

180 2729 406 2774 Heinsius
533 2736 621 2775 374
650 2731 963 2790 fumantibus]
997 2731 1305 2777 candentibus
1337 2730 1538 2787 Ruperti
1578 2727 1870 2774 fei-uentibus

181 2788 320 2832 Blass
345 2814 401 2821 —
426 2789 564 2833 astris
588 2789 735 2836 Bothe
797 2796 882 2836 377
908 2791 1080 2835 Hostus
1107 2791 1331 2836 Heinsius
1362 2787 1510 2833 hostis
1536 2792 1562 2830 s
1587 2788 1667 2844 (cf.
1691 2801 1738 2833 u.
1755 2789 1868 2842 403)

181 2851 267 2891 379
301 2845 385 2891 Cui
416 2847 642 2893 Heinsius
808 2854 897 2895 384
928 2852 1133 2895 exsertos
1164 2849 1411 2895 Liuineius
1575 2849 1662 2892 385
1696 2845 1798 2891 dira
1828 2850 1871 2892 et

181 2906 476 2963 caeduntque
509 2911 569 2949 ch
