1988 3190
615 109 977 155 PUNICORUM
1006 109 1188 154 LIBER
1219 109 1339 153 XVI.
1726 110 1831 163 157

145 245 388 316 Accepto
427 246 600 299 laetus
639 264 804 316 puero
846 245 1092 298 discessit
1130 243 1348 311 Ilerdes,

147 319 251 374 Oui
289 320 463 390 luduS,
501 320 706 373 nullam
747 338 904 372 cursu
943 336 1054 371 non
1090 318 1282 371 tollere
1323 318 1608 371 dammam.

147 393 335 447 Tertia
373 394 556 464 palma
593 393 789 446 habuit
828 393 1070 463 geminos
1111 391 1339 462 insignis
1379 390 1653 445 Aconteus

145 466 260 520 Nec
299 467 518 520 timidos
559 467 769 538 agitare
810 485 968 519 canes
1009 465 1301 519 latratibus
1341 484 1545 535 aprum.
1744 478 1831 519 574

219 540 365 604 Quos
390 545 680 611 postquam
713 541 920 593 clamor
943 540 1272 609 plaususque
1305 539 1560 607 probauit
1584 539 1832 608 honores,

145 613 448 667 Germanus
489 614 637 667 ducis
677 617 839 684 atque
879 613 1142 684 effulgens
1182 612 1401 667 Laelius
1443 616 1591 666 ostro

147 687 383 742 Nomina
422 706 621 758 magna
659 691 859 741 uocant
897 687 1029 740 laeti
1068 705 1362 755 manesque
1401 687 1673 740 iacentum

147 762 326 831 Atque
364 763 554 815 hastas
596 762 758 814 simul
799 761 1091 814 effundunt.
1153 760 1424 813 celebrare
1463 760 1690 813 iuuabat

147 833 402 889 Sacratos
443 836 648 889 cineres
690 838 852 904 atque
890 835 994 888 hoc
1033 834 1192 887 decus
1233 834 1427 887 addere
1465 833 1622 887 ludis.

146 908 270 978 Ipse
311 910 492 978 etiam,
529 909 725 961 mentis
765 911 999 961 testatus
1040 907 1238 977 gaudia
1277 908 1446 976 uustn,
1507 944 1516 953 ‚
1745 920 1832 961 580

145 980 367 1051 Ductor,
406 987 469 1036 ut
509 983 761 1051 aequauit
801 982 1008 1034 meritis
1047 981 1139 1050 pia
1177 984 1399 1051 pectora
1437 981 1605 1049 donis,

144 1054 218 1108 Et
256 1056 426 1109 frater
463 1056 689 1109 thoraca
726 1056 857 1109 tulit
895 1054 1212 1125 multiplicis
1254 1054 1385 1122 auri,

145 1128 363 1182 Laelius
402 1129 656 1183 Asturica
694 1129 911 1199 rapidos
952 1129 1014 1181 de
1056 1131 1218 1199 gente
1257 1128 1481 1198 iugaleS,

144 1201 481 1272 Contorquet
519 1203 732 1273 magnis
772 1202 1050 1255 uictricem
1091 1202 1296 1255 uiribus
1335 1203 1551 1254 hastam

146 1274 492 1347 Consurgens
532 1277 844 1346 umbrisque
884 1277 999 1329 dari
1035 1278 1270 1328 testatur
1306 1274 1583 1329 honorem.
1744 1288 1830 1328 585

146 1349 323 1403 Hasta
361 1351 569 1419 uolans,
607 1351 803 1403 mirum
845 1350 1006 1418 dictu,
1038 1349 1214 1401 medio
1255 1349 1388 1401 incit
1421 1367 1643 1418 acampo

145 1421 403 1476 Substitit
442 1427 566 1476 ante
606 1425 789 1476 oculos
830 1427 884 1475 et
923 1427 1097 1475 terrae
1136 1422 1301 1475 infixa
1340 1422 1602 1475 cohaesit:

144 1495 285 1548 Tum
325 1497 537 1550 subitae
575 1496 792 1549 frondes
833 1497 1082 1566 celsoque
1123 1496 1395 1548 cacumine
1434 1495 1574 1548 rami

144 1568 220 1622 Et
247 1601 313 1606 —
340 1571 512 1623 latam
553 1587 813 1639 spargens
840 1588 1083 1639 quercuS‚
1117 1569 1245 1622 dum
1277 1569 1535 1638 nascitur,
1566 1569 1832 1622 umbram.

150 1643 232 1694 Ad
272 1643 480 1696 maiora
516 1643 704 1696 iubent
743 1643 996 1714 praesagi
1032 1642 1250 1695 tendere
1289 1645 1444 1695 uates
1741 1655 1826 1696 590

144 1714 206 1768 Id
248 1720 550 1771 monstrare
591 1717 718 1770 deos
759 1720 921 1786 atque
960 1716 1063 1770 hoc
1102 1717 1422 1785 portendere
1463 1715 1650 1786 signis.

220 1789 336 1852 Quo
377 1809 536 1859 super
575 1790 817 1861 augurio,
855 1790 1026 1860 pulsis
1067 1790 1130 1842 de
1170 1790 1330 1843 litore
1370 1791 1575 1844 cunctis

145 1863 409 1934 Hesperio
449 1864 662 1932 Poenis,
701 1864 847 1917 ultor
884 1864 1196 1934 patriaeque
1237 1864 1532 1933 domusque

149 1938 447 1990 Ausoniam
484 1938 700 2007 repetit,
736 1937 883 1990 fama
924 1937 1149 1990 ducente
1188 1937 1539 2005 triumphum.

147 2008 261 2063 Nec
300 2011 516 2064 Latium
555 2012 695 2064 curis
737 2011 888 2064 ardet
924 2011 1244 2081 flagrantius
1284 2011 1428 2079 ullis,
1742 2023 1827 2063 595

150 2082 323 2144 Quam
362 2084 544 2137 iuueni
583 2084 810 2154 Libyam
852 2087 906 2137 et
947 2103 1186 2137 summos
1227 2084 1538 2152 permittere
1577 2083 1765 2137 fasces

148 2155 250 2209 Sed
290 2175 398 2210 non
436 2176 535 2226 par
574 2158 764 2211 animis
804 2175 902 2211 nec
941 2158 1087 2211 bello
1127 2175 1387 2227 prospera
1427 2158 1587 2210 turba

268 2320 353 2360 585
385 2316 585 2361 testatus
627 2321 657 2358 0
840 2321 925 2360 589
964 2316 1043 2373 Et]
1089 2315 1175 2359 Est
1213 2316 1364 2359 Barth
1408 2316 1485 2369 (cf.
1518 2329 1564 2360 u.
1599 2318 1711 2370 568)
1758 2314 1833 2359 Fit

151 2373 398 2419 Burmann
431 2400 482 2406 -
519 2374 648 2432 dum]
695 2376 796 2418 tum
835 2374 979 2420 Bothe
1019 2400 1073 2406 —
1105 2374 1314 2418 noscitur
1354 2377 1424 2415 ov
1461 2374 1602 2427 (unde
1639 2374 1834 2427 fortasse

151 2431 246 2475 iam
278 2431 486 2476 noscitur
509 2434 814 2487 scribendum)
835 2457 889 2465 -
908 2434 1014 2476 dum
1041 2432 1266 2489 nascitur]
1293 2431 1587 2476 subnascitur
1607 2432 1832 2477 Schrader

155 2515 211 2521 -
230 2490 347 2534 rami
364 2491 433 2534 En
451 2491 597 2534 latam
615 2493 854 2547 spargunt,
879 2504 1073 2546 quercus
1098 2492 1208 2534 dum
1232 2489 1449 2545 nascitur,
1475 2504 1518 2535 u.
1537 2490 1759 2544 Lefebure
1778 2516 1831 2522 —

154 2547 321 2592 Latam
354 2551 638 2606 spargentes,
672 2564 748 2604 qu.
781 2549 823 2593 d.
857 2565 922 2605 n.,
964 2564 1006 2595 11.
1038 2550 1111 2594 uel
1142 2547 1262 2593 Tum
1296 2548 1473 2593 subitas
1504 2548 1690 2592 frondes
1723 2563 1760 2594 c.
1795 2564 1831 2594 c.

151 2619 304 2651 ramos
336 2606 444 2651 Fert
475 2608 620 2651 latam
652 2621 875 2665 spargens
908 2622 998 2663 qu„
1032 2607 1074 2651 d.
1109 2623 1168 2661 n.,
1193 2621 1235 2652 u.
1269 2607 1450 2661 Withof
1525 2612 1610 2651 591
1646 2609 1832 2664 porten-

153 2664 261 2709 dere
276 2670 343 2707 LF
375 2665 681 2722 praetendere
700 2670 730 2709 0
763 2667 1042 2722 protendere
1059 2670 1096 2708 V
1123 2691 1177 2698 —
1202 2665 1325 2722 signi
1347 2667 1420 2710 uel
1445 2664 1579 2722 signo
1605 2666 1831 2711 Heinsius

150 2727 190 2767 et
220 2723 468 2769 Burmann
645 2728 730 2769 594
769 2724 895 2768 fama
929 2726 1002 2770 uel
1038 2724 1198 2780 palma
1236 2724 1482 2769 addicente
1513 2724 1738 2770 Heinsius
1773 2751 1824 2758 —

151 2781 181 2825 f.
208 2782 412 2826 donante
440 2783 623 2838 Withof
645 2783 677 2827 f.
709 2785 924 2828 uincente
948 2784 1021 2828 uel
1043 2783 1234 2827 ludente
1258 2783 1396 2828 Blass
1431 2809 1484 2815 —
1516 2783 1830 2842 triumphum]

154 2840 358 2885 curulem
382 2841 580 2898 Ruperti
652 2845 737 2886 597
762 2856 855 2887 non
877 2856 963 2898 par
986 2846 1092 2885 LFV
1126 2843 1199 2897 (in
1222 2845 1258 2883 V
1290 2856 1374 2907 par
1398 2856 1455 2886 m.
1481 2846 1512 2887 2
1537 2843 1590 2886 in
1618 2843 1831 2887 lacunam

153 2899 392 2955 insertum)
408 2902 525 2945 deest
536 2901 589 2945 in
606 2905 636 2943 0
660 2901 835 2958 frigens
853 2902 950 2946 edd.
961 2901 1054 2955 fere
1069 2914 1217 2946 omnes
1242 2899 1416 2957 frigens
1436 2899 1568 2945 annis
1581 2900 1829 2946 Liuineius
