1988 3190
596 167 960 214 PUNIOORUM
988 168 1171 214 LIBER
1200 168 1323 214 XIII.
1736 168 1810 222 65

119 305 269 371 Inde,
306 305 402 359 ubi
438 323 547 358 nox
584 304 788 358 iussam
826 304 1120 374 procedens
1160 305 1394 375 contigit
1431 305 1640 371 horam,

118 378 196 434 Et
233 379 411 448 spatia
451 385 750 448 aequarunt
787 379 1042 432 tenebras
1081 381 1362 432 transacta
1399 379 1625 449 futuras,
1712 393 1800 434 420

121 451 421 523 Consurgit
451 452 638 507 stratis
675 452 958 523 pergitque
999 452 1066 505 ad
1104 453 1323 506 turbida
1360 456 1551 523 portae

121 526 279 580 Ostia
310 527 620 595 Tartareae3
660 527 872 594 penitus
913 526 1032 596 quis
1073 526 1258 579 abdita
1294 531 1448 580 uates

119 599 400 654 Promissa
437 601 692 670 implerat
732 598 1036 671 Stygioque
1077 601 1299 653 sedebat
1337 601 1395 654 in
1434 604 1605 654 antr0.

119 673 273 744 Tum,
312 693 418 744 qua
457 692 514 727 se
553 674 788 742 primum
827 677 991 742 rupta
1027 675 1219 727 tellure
1257 675 1490 727 recludit

117 747 334 801 Inuisus
375 749 522 801 caelo
565 765 756 817 specus
796 751 958 817 atque
999 751 1209 801 eructat
1250 749 1502 802 acerbam
1713 762 1803 802 425

121 820 322 891 Cocyti
354 823 476 875 laxo
518 822 796 890 suspirans
837 839 929 874 ore
967 822 1233 890 paludem,

118 895 336 949 Inducit
372 895 621 948 iuuenem
661 895 908 964 ferroque
949 913 1142 955 cauare
1181 896 1446 948 refossam

119 968 282 1022 Ocius
306 971 465 1039 urget
495 969 720 1022 humum
753 972 928 1039 atque,
960 987 1218 1022 arcanum
1250 988 1493 1022 murmur
1522 969 1803 1035 anhelanS,

120 1041 319 1096 Ordine
359 1043 587 1096 mactari
624 1042 853 1111 pecudes
892 1043 1056 1096 iubet.
1119 1047 1236 1095 ater
1275 1047 1464 1112 operto

120 1116 266 1169 Ante
306 1117 480 1169 omnis
521 1119 709 1169 taurus
748 1117 882 1186 regi,
919 1120 1036 1169 tum
1075 1117 1320 1185 proxima
1360 1116 1515 1170 diuae
1719 1130 1809 1170 430

123 1189 376 1244 Caeditur
412 1189 706 1244 Hennaeae
748 1194 896 1243 casta
934 1191 1141 1243 ceruice
1181 1191 1422 1244 iuuenca.

120 1263 253 1317 Inde
292 1264 409 1333 tibi,
447 1263 678 1332 Allecto,
716 1265 835 1334 tibi,
872 1282 1168 1333 numquam
1210 1265 1356 1317 laeta
1394 1263 1666 1335 Megaera,

121 1337 364 1407 Corpora
400 1339 706 1406 lanigerum
743 1338 1108 1406 procumbunt
1147 1339 1288 1391 lecta
1326 1338 1623 1392 bidentum.

117 1410 374 1464 Fundunt
413 1412 579 1464 mella
619 1430 780 1481 super
816 1410 1123 1480 Bacchique
1162 1415 1217 1464 et
1254 1412 1411 1465 lactis
1454 1412 1731 1465 honorem.

120 1483 258 1553 ‘Sta,
295 1485 527 1548 iuueniS,
565 1485 881 1554 faciemque,
918 1485 1101 1538 Erebo
1142 1503 1279 1554 quae
1312 1485 1487 1555 surgit
1518 1486 1586 1538 ab
1621 1484 1803 1554 omni,'

119 1558 407 1611 Exclamat
445 1562 615 1628 uateS,
653 1558 881 1628 ‘patere
942 1559 1250 1612 accedentia
1289 1577 1448 1611 cerno
1718 1572 1805 1611 436

121 1631 351 1686 Tartara
390 1634 445 1684 et
485 1635 610 1685 ante
650 1633 832 1685 oculos
873 1632 1128 1685 assistere
1167 1633 1332 1685 tertia
1369 1649 1555 1703 regna.

120 1705 260 1759 Ecce
299 1708 462 1758 ruunt
499 1706 681 1758 uariae
722 1706 940 1774 specieS,
981 1708 1035 1758 et
1074 1706 1325 1776 quicquid
1366 1706 1434 1759 ab
1473 1706 1583 1759 imo

120 1777 328 1832 Natum
358 1779 638 1832 hominum
671 1781 1071 1849 extinctumque
1096 1780 1230 1833 chao
1265 1780 1367 1832 est'
1386 1780 1582 1832 —iam
1614 1782 1809 1832 cuncta

751 1887 754 1891 -
1218 1853 1457 1923 uidebat,

126 1925 391 1995 Cyclopas
427 1925 765 1995 Scyllamque
805 1929 859 1979 et
896 1929 1085 1995 pastos
1125 1927 1368 1980 membra
1399 1929 1642 1980 uirorum
1717 1940 1819 1980 440.

126 1999 386 2068 Odrysiae
425 1999 638 2053 telluris
679 2019 845 2070 equos
883 2029 946 2038 --
983 1999 1273 2053 ‘contende
1312 2001 1455 2054 tueri

123 2073 502 2142 Eductumque
542 2077 666 2126 tene
704 2074 906 2143 uagina
937 2074 1217 2127 interritus
1255 2093 1451 2127 ensem.

126 2145 503 2216 Quaecumque
544 2150 668 2200 ante
709 2148 920 2200 animae
959 2147 1181 2200 tendent
1218 2151 1404 2216 potare
1444 2166 1703 2217 cruorem,

125 2219 349 2289 Dissice,
388 2221 513 2272 dum
553 2223 734 2273 castae
773 2221 1030 2290 procedat
1070 2222 1252 2289 imago
1287 2219 1541 2291 Sibyllae.

126 2292 343 2346 Interea
383 2312 552 2363 cerne,
591 2297 653 2346 ut
693 2312 907 2363 gressus
947 2294 1232 2347 inhumata
1272 2296 1466 2348 citatos
1721 2307 1809 2348 445

126 2366 257 2419 Fert
295 2367 487 2420 umbra
527 2371 581 2419 et
619 2371 877 2436 properat
915 2371 1094 2421 tecum
1134 2368 1460 2435 coniungere
1501 2367 1665 2437 dicta3

130 2438 227 2489 Cui
269 2440 427 2490 datur
467 2444 590 2492 ante
630 2444 777 2492 atros
819 2441 1094 2510 absumpti
1132 2441 1374 2511 corporis
1414 2442 1585 2510 ignes,

249 2558 334 2597 422
368 2554 532 2599 addita
562 2560 630 2597 LF
677 2555 808 2598 adita
840 2560 910 2598 0V
943 2557 1022 2610 (cf.
1047 2569 1090 2599 u.
1117 2558 1228 2611 406)
1381 2559 1467 2599 425
1499 2554 1682 2600 Inuisus
1714 2560 1811 2599 chS

129 2613 335 2657 Inuisum
381 2614 521 2671 uulyo
716 2618 802 2657 429
849 2627 955 2657 acer
1002 2618 1072 2656 OV
1103 2639 1162 2647 -
1194 2615 1357 2670 operto
1404 2619 1472 2657 ΕΟ
1528 2615 1690 2671 aperto
1739 2619 1810 2657 LV

129 2676 216 2716 430
249 2671 358 2714 dum
393 2676 418 2713 S
543 2677 625 2715 431
662 2673 909 2716 Hennaeae
928 2677 988 2715 eh
1019 2673 1235 2717 ethneeL
1266 2674 1524 2717 aethnaeae
1543 2678 1577 2715 F
1609 2673 1813 2718 hennae-

131 2744 278 2785 aeque
313 2734 342 2772 0
390 2729 569 2774 hennee
600 2734 638 2772 V
771 2735 860 2775 434
890 2732 931 2775 h.
956 2745 998 2775 u..
1029 2732 1248 2786 Lefebwre
1265 2736 1370 2788 post
1392 2746 1438 2777 u.
1464 2736 1549 2775 431
1568 2733 1687 2788 poni
1707 2733 1813 2777 uult

130 2793 217 2833 435
251 2789 353 2845 Sta,
385 2794 438 2834 ut
467 2790 584 2834 coni.
620 2789 682 2834 D.
715 2790 940 2834 Heinsius
968 2794 1077 2832 Fov
1122 2791 1195 2844 (in
1218 2794 1255 2832 V
1286 2805 1343 2836 m.
1377 2795 1409 2836 2
1450 2804 1563 2836 corr.
1596 2792 1651 2835 in
1690 2790 1813 2846 Stat)

133 2846 236 2892 Stat
273 2852 306 2889 1.
486 2852 571 2892 439
613 2846 795 2892 uidebis
834 2849 1032 2906 Ruperti
1069 2874 1124 2881 —
1163 2863 1274 2892 nam
1324 2863 1361 2893 c.
1401 2849 1622 2894 uolebam
1667 2851 1814 2895 Bothe

133 2910 221 2950 444
253 2905 432 2951 Dissice
466 2911 526 2949 Oh
573 2906 748 2951 Discite
782 2912 810 2949 0
843 2933 897 2939 -
930 2908 1152 2964 precedat
1184 2912 1210 2949 S
1359 2912 1445 2952 445
1478 2909 1748 2955 inhumacia
1778 2913 1810 2950 1.

131 2963 428 3021 inhumantia
458 2971 492 3008 F
537 2966 790 3010 inhumana
822 2970 891 3008 OV
1011 2971 1097 3011 446
1128 2965 1239 3010 Fert
1270 2970 1339 3008 0V
1385 2966 1470 3011 Est
1499 2972 1567 3010 LE·

224 3046 358 3079 Simus
382 3048 574 3080 IrAnrcus
616 3049 666 3079 II.
1431 3044 1456 3082 5
