1988 3190
219 112 288 165 16
888 109 1003 155 SILI
1034 106 1254 153 ITALICI

221 247 399 302 Sentit
437 246 787 300 flammiferas
819 245 991 315 pubes
1023 243 1302 298 Maurusia
1333 263 1554 316 pennaS,

218 322 293 376 Et
330 322 534 392 pariter
572 320 708 374 fusis
747 323 1038 390 tepuerunt
1076 322 1298 388 pectora
1335 318 1478 372 telis.

219 396 423 450 Bacchi
462 396 605 449 dona
644 395 837 447 uolunt
877 393 1171 463 epulasque
1211 396 1267 446 et
1305 392 1545 446 carmina
1582 410 1770 446 rursus

215 470 394 525 Pieria
433 468 725 540 liquefacta
764 469 899 538 lyra.
955 486 1067 521 non
1107 485 1228 520 acer
1269 469 1456 536 aperto
1824 479 1910 519 415

221 544 467 598 Desudat
507 561 698 611 campo
740 543 974 612 sonipeS,
1012 560 1124 595 non
1161 541 1276 594 ulla
1314 559 1411 610 per
1450 559 1607 595 auras

183 665 186 667 o
220 619 434 672 Lancea
471 617 706 670 nudatos
749 619 959 670 exercet
998 619 1148 669 torta
1184 616 1435 669 lacertos,

222 692 470 746 Mollitae
509 691 744 745 flammis
783 690 1040 760 lymphae
1079 690 1400 760 languentia
1441 707 1630 742 somno

223 766 470 820 Membra
506 766 713 834 fouent,
753 764 1073 834 miserisque
1104 764 1264 817 bonis
1296 763 1439 833 perit
1469 762 1690 816 horrida
1721 762 1914 816 uirtus

222 840 348 910 Ipse
388 840 568 910 etiam,
609 839 826 893 afflatus
865 838 1093 892 fallente
1133 837 1413 907 Cupidine,
1453 837 1646 891 ductor
1826 849 1912 890 420

222 914 501 967 Instaurat
541 931 755 967 mensas
797 913 1025 982 dapibus
1066 913 1370 982 repetitque
1409 913 1691 964 uolentum

223 987 484 1058 Hospitia
524 991 578 1040 et
615 988 827 1056 patrias
866 987 1134 1056 paulatim
1175 986 1394 1039 decolor
1434 985 1568 1038 artis

222 1063 404 1132 Exuit,
444 1062 655 1116 occulta
693 1064 931 1114 mentem
971 1060 1202 1114 uitiante
1243 1060 1463 1130 sagitta.
1501 1087 1503 1089 ·

224 1137 415 1189 Altera
454 1136 564 1189 iam
606 1135 783 1205 patria
822 1138 982 1204 atque
1024 1152 1195 1203 aequo
1234 1134 1333 1187 sub
1365 1133 1572 1187 honore
1611 1135 1840 1186 uocatur

224 1210 413 1264 Altera
453 1209 729 1281 Carthago
771 1208 972 1279 Capua,
1010 1209 1384 1277 intactumque
1426 1206 1691 1260 secundae
1828 1219 1914 1260 425

221 1283 492 1338 Fortunae
531 1283 812 1353 ingenium
852 1283 989 1336 uitia
1028 1282 1343 1336 allectantia
1383 1283 1660 1351 quassant.

222 1357 339 1412 Nec
377 1360 534 1411 luxus
574 1358 718 1411 ullus
759 1375 1072 1426 mersaeque
1111 1356 1336 1409 libidine
1374 1356 1519 1409 uitae

224 1430 514 1502 Campanis
556 1432 772 1502 modus3
813 1432 1155 1485 accumulant
1192 1431 1479 1499 uariasque
1519 1447 1616 1499 per
1655 1429 1787 1482 artis

228 1506 521 1560 Scenarum
562 1509 775 1559 certant
814 1506 1000 1574 epulas
1041 1505 1376 1574 distinguere
1416 1503 1560 1571 ludo,

229 1580 309 1634 Ut
349 1580 543 1650 strepit
581 1580 795 1634 assidue
832 1579 1134 1650 Phrygiam
1175 1579 1243 1632 ad
1280 1577 1522 1632 Nilotica
1561 1577 1715 1630 loton
1829 1589 1915 1629 430

228 1652 547 1723 Memphis*
579 1652 881 1722 Amyclaeo
921 1653 1128 1722 passim
1166 1652 1373 1706 lasciua
1413 1650 1650 1721 Canope.

226 1727 484 1797 Inprimis
526 1727 749 1798 dulcem,
788 1728 972 1781 Poeno
1013 1728 1269 1791 laetante,
1307 1744 1404 1795 per
1444 1725 1589 1778 auris

227 1800 388 1854 Nunc
426 1819 558 1854 uoce
598 1800 835 1853 infundit
874 1801 1157 1870 TeuthraS,
1195 1818 1339 1853 nunc
1376 1800 1589 1867 pectine
1630 1801 1863 1852 cantum.

229 1875 391 1944 Isque
431 1875 523 1927 ubi
564 1875 853 1927 mirantem
886 1875 1198 1928 resonantia
1228 1873 1427 1943 pollice
1465 1873 1561 1925 fila

229 1948 526 2002 Ductorem
565 1948 704 2001 uidit
733 1948 954 2019 Libyae,
994 1966 1183 2002 canere
1221 1947 1347 2000 inde
1387 1946 1648 2017 superbas
1830 1958 1917 1999 435

228 2021 437 2076 Aoniae
477 2022 663 2075 laudes
705 2023 905 2075 sensim
944 2022 1231 2075 testudinis
1274 2039 1443 2090 orSUS,

341 2216 427 2256 414
467 2212 642 2268 rursus]
685 2225 845 2256 cursus
883 2217 915 2254 1.
958 2225 1148 2268 prorsus
1190 2211 1416 2256 Schrader
1583 2214 1671 2254 417
1714 2209 1916 2254 nodatos

228 2271 454 2317 Heinsius
500 2270 690 2315 duratos
721 2272 795 2315 uel
835 2270 1067 2315 durandos
1100 2270 1329 2315 Schrader
1401 2273 1487 2313 419
1513 2268 1726 2326 horrida]
1752 2269 1919 2314 obruta

227 2331 453 2375 Heinsius
542 2334 630 2374 423
657 2329 822 2387 sagina
844 2330 1070 2375 Heinsius
1153 2334 1240 2373 425
1264 2328 1587 2385 intectumque
1613 2327 1675 2372 D.
1695 2327 1943 2385 Heinsius

228 2394 269 2434 et
302 2389 525 2435 Gellarius
633 2395 719 2434 426
752 2387 1028 2435 allectantia
1058 2389 1204 2433 Bothe
1235 2392 1275 2432 et
1297 2401 1391 2433 van
1422 2387 1542 2433 Veen
1581 2386 1869 2432 adlati-antia
1892 2391 1920 2429 8

231 2448 521 2493 adsultantia
574 2448 768 2506 Bentley
830 2448 1118 2493 oblectantia
1173 2447 1399 2492 Schrader
1471 2446 1729 2491 allubentia.
1780 2445 1921 2492 Blass

231 2512 319 2552 430
352 2508 411 2552 ad
436 2507 687 2565 Phrygiam
713 2507 938 2552 Heinsius
954 2508 1090 2565 prob.
1116 2507 1324 2551 Bentleio
1363 2505 1597 2564 Phrygiae
1623 2505 1684 2550 ad
1708 2504 1921 2549 Nilotida

232 2566 262 2609 1.
294 2567 594 2623 Dausqueius
736 2570 821 2611 431
849 2571 957 2625 post
987 2564 1219 2622 Memphis
1259 2567 1351 2610 duo
1390 2566 1609 2611 excidisse
1639 2563 1920 2609 hemistichia

230 2625 344 2669 mihi
368 2626 602 2681 persuasit
632 2625 827 2684 Hilbery
856 2629 920 2682 (p.
947 2626 998 2680 l.)
1031 2651 1085 2657 -—
1118 2624 1315 2683 passim]
1355 2638 1442 2682 par
1471 2625 1568 2668 iam
1599 2623 1921 2669 Schlichteisen

233 2686 294 2739 (p.
323 2684 372 2734 Z.)
409 2710 463 2716 —*
497 2685 557 2729 M.
582 2682 823 2742 Amyclaei
865 2685 915 2728 in
953 2683 1082 2728 fossa
1121 2685 1198 2741 (ad
1232 2684 1424 2740 fossam)
1465 2684 1496 2728 l.
1531 2681 1707 2738 Canopi
1741 2683 1816 2726 uel
1854 2680 1917 2726 M.

232 2741 483 2798 Amyclaeo
515 2742 669 2788 fossae
699 2745 915 2799 (fossam)
942 2742 1202 2788 insultante
1228 2743 1418 2800 Canopo
1449 2742 1649 2798 Ruperti
1693 2741 1753 2784 M.
1779 2740 1920 2796 Amy-

233 2799 354 2845 claei
385 2800 608 2846 simulans
638 2802 818 2846 lasciua
850 2802 1028 2859 Canopi
1063 2803 1197 2847 Thilo
1231 2805 1297 2860 (p.
1323 2803 1371 2858 l.)
1457 2805 1558 2845 430.
1592 2804 1645 2843 31
1678 2798 1742 2842 Et
1772 2800 1850 2843 str.
1879 2812 1919 2843 a.

234 2859 488 2917 Phrygium
529 2861 589 2903 ad
627 2860 839 2906 Nilotica
875 2862 1000 2906 lotos
1042 2862 1339 2919 Tympanum
1380 2858 1631 2916 Amyclaeo
1670 2857 1843 2915 passim
1887 2857 1920 2901 1.

234 2919 425 2975 Canopo
459 2919 598 2964 Blass
718 2925 805 2965 435
839 2933 1004 2965 cauere
1037 2924 1136 2974 OV-
