2028 3190
134 1016 168 1039 a.
188 1008 264 1040 216.

298 131 404 185 188
766 133 1154 180 ARGUMENTA
1185 135 1517 185 LIBRORUM.

294 268 345 312 et
382 267 432 311 in
472 280 587 324 agro
618 268 827 313 Allifano
867 269 1024 314 castra
1061 269 1198 326 ponit
1227 274 1478 317 268—376.
1539 270 1712 317 Fabius
1758 285 1994 319 sacrorum

294 340 438 371 causa
475 326 676 372 Romam
721 328 1016 385 profecturus
1055 328 1312 375 Minucium
1355 332 1536 388 monet,
1584 333 1639 376 ut
1676 344 1706 375 a
1740 345 1903 391 pugna
1941 347 1993 379 se

293 385 532 430 abstineat
562 391 813 433 377—408.
868 387 1059 433 Interim
1092 389 1258 434 classis
1281 388 1547 435 Poenorum
1579 390 1641 434 ad
1666 390 1879 437 Caietam
1909 405 1996 451 ap-

292 444 453 502 pellit;
491 446 644 491 terror
674 447 1015 504 nympharum3
1053 446 1250 493 Proteus
1291 462 1371 493 eas
1409 450 1726 496 Romanorum
1762 449 1878 496 fatis
1918 465 1994 497 ex-

291 504 461 562 positis
495 505 768 550 consolatur
797 510 1049 552 409-493.
1104 507 1308 553 Minucio
1339 507 1592 566 imperium
1623 523 1730 554 cum
1760 508 1996 556 dictatore

293 565 524 620 aequatur
555 569 822 611 494—522.
883 566 1031 611 Fabio
1071 579 1258 612 reuerso
1297 569 1441 624 atque
1473 568 1681 614 exercitu
1719 568 1873 614 diuiso
1902 569 1991 615 Mi·
2017 623 2020 627 ⁴

291 623 455 668 nucius
477 625 655 669 temere
682 639 787 670 cum
819 625 955 671 hoste
980 639 1257 683 congressus
1282 641 1311 671 a
1334 626 1479 672 Fabio
1505 629 1718 673 seruatur
1739 633 1991 675 523—729.

290 683 464 728 Fabius
496 696 525 726 a
557 683 763 729 Minucio
795 685 844 729 et
875 699 904 730 a
933 684 1164 730 militibus
1195 687 1330 743 pater
1361 685 1596 732 salutatur
1627 691 1879 734 730-750.

409 744 573 787 Liber
603 745 754 789 VIII.
816 743 1097 788 Hannibalis
1130 758 1269 790 curae
1304 751 1462 791 1—24.
1523 746 1640 792 Iuno
1671 747 1880 804 Annam,
1911 747 1994 793 Di-

292 802 428 848 donis
469 815 675 847 sororem
707 805 756 847 et
785 802 975 848 Numici
1012 803 1146 848 fluuii
1183 806 1464 862 nympham,
1505 805 1636 851 cuius
1675 820 1811 852 casus
1847 809 1996 864 poeta

292 860 520 906 describit
547 864 807 919 (39—200),
841 863 902 908 ad
932 862 1068 907 illum
1100 863 1250 908 mittit
1280 865 1414 921 eique
1448 865 1789 911 sollicitudines
1821 865 1993 911 adimit

289 934 497 978 pugnam
523 921 816 966 Cannensem
839 922 1115 980 praedicens
1148 927 1368 969 25—241.
1416 924 1594 970 Romae
1619 925 1668 970 C.
1685 924 1992 971 Terentius

291 981 469 1025 Uarro
503 980 666 1025 consul
700 983 905 1036 creatur;
938 981 1039 1026 eius
1063 982 1344 1028 iactationes
1369 988 1620 1030 242—277.
1675 984 1861 1043 collega
1891 984 1993 1030 eius

290 1039 338 1085 L.
372 1039 652 1084 Aemilius
685 1040 921 1096 Paulus,
962 1041 1044 1098 qui
1074 1042 1142 1085 nil
1183 1043 1348 1087 contra
1378 1044 1635 1088 Uarronem
1665 1043 1820 1090 dicere
1850 1045 1994 1090 audet

292 1100 584 1156 (278—297),
611 1114 639 1143 a
655 1098 804 1144 Fabio
828 1100 1122 1156 admonetur,
1146 1102 1201 1145 ut
1222 1102 1381 1158 prauis
1406 1103 1505 1147 eius
1530 1102 1775 1149 conatibus
1799 1104 1995 1148 resistat

290 1162 542 1203 298—348.
596 1159 699 1202 tum
731 1159 945 1204 consules
982 1159 1031 1203 in
1063 1160 1288 1217 Apuliam
1324 1161 1703 1218 proficiscuntur3
1746 1164 1994 1220 catalogus

291 1217 533 1275 copiarum
549 1222 799 1266 349—621.
846 1219 975 1263 mala
1006 1220 1115 1263 ante
1147 1234 1357 1277 pugnam
1381 1220 1554 1278 omina,
1579 1220 1749 1278 quibus
1784 1221 1992 1267 militum

290 1276 458 1322 animis
489 1278 643 1321 metus
674 1276 867 1322 inicitur
899 1282 1150 1323 622—676.

407 1336 573 1379 Liber
601 1338 699 1381 IX.
763 1336 909 1382 Uarro
950 1337 1223 1394 cupiditate·
1241 1337 1487 1396 pugnandi
1518 1338 1671 1395 ardet;
1713 1339 1813 1385 eius
1843 1341 1992 1394 teme-

289 1396 405 1441 ritas
430 1397 630 1451 augetur
652 1395 834 1453 proelio
865 1396 1188 1441 tumultuario.
1246 1397 1488 1442 consulum
1512 1399 1570 1443 de
1592 1411 1754 1456 pugna
1777 1399 1993 1445 commit-

289 1456 435 1500 tenda
447 1454 786 1500 altercationes
805 1461 963 1501 1—65.
997 1457 1199 1501 Funesto
1217 1455 1439 1512 facinore,
1458 1457 1584 1513 quod
1600 1458 1743 1503 noctu
1757 1460 1990 1516 patratur,

290 1514 515 1559 Romanis
540 1514 699 1559 clades
723 1515 1023 1572 portenditur
1047 1520 1268 1561 66—171.
1315 1516 1554 1562 Hannibal
1578 1515 1783 1562 militum
1808 1517 1991 1564 animos

289 1574 555 1618 inflammat
595 1578 869 1628 178—2163
914 1574 1085 1619 deinde
1126 1575 1276 1620 aciem
1313 1574 1506 1621 instruit
1544 1581 1816 1632 217—2433
1860 1576 1990 1623 idem

289 1633 407 1678 facit
437 1633 585 1677 Uarro
613 1637 866 1678 244—277.
925 1633 1118 1691 Pugna
1151 1634 1470 1680 Cannensis
1502 1636 1694 1681 278—X
1718 1641 1819 1681 325.

407 1694 571 1736 Liber
600 1694 667 1736 X.
730 1692 897 1738 Elatus
936 1693 1138 1739 uictoria
1168 1695 1407 1739 Hannibal
1445 1698 1634 1752 postero
1674 1695 1750 1740 die
1782 1695 1990 1741 =Romam

288 1754 451 1809 petere
484 1751 734 1796 constituit
765 1757 1020 1807 326-3363
1064 1754 1146 1797 sed
1178 1767 1207 1798 a
1236 1754 1411 1799 Iunone
1441 1768 1526 1811 per
1558 1755 1783 1800 Somnum
1813 1756 1990 1801 uetitus

286 1812 565 1869 (337—370)
578 1810 779 1868 Magone
792 1811 1095 1857 uehementer
1111 1816 1307 1869 urgente
1325 1814 1519 1858 consilio
1535 1813 1722 1859 desistit
1737 1818 1987 1861 371—386.

286 1871 603 1916 Romanorum
643 1869 871 1926 reliquiae
903 1869 1096 1914 Canusii
1127 1885 1175 1914 se
1209 1872 1464 1928 colligunt;
1503 1887 1662 1917 earum
1693 1872 1846 1919 tristis
1877 1887 1986 1919 con·

288 1929 406 1974 ditio
432 1934 683 1975 387—414.
732 1928 916 1974 Metelli
941 1930 1186 1975 consilium
1210 1931 1412 1986 patriam
1445 1931 1689 1976 deserendi
1712 1947 1741 1977 a
1766 1931 1984 1990 Scipione

286 1989 556 2046 reprimitur
593 1992 859 2034 415—448.
922 1989 1160 2034 Hannibal
1200 2003 1418 2047 campum
1456 1990 1731 2048 perlustrat:
1778 1992 1987 2037 narratio

287 2048 345 2092 de
380 2046 548 2093 Cloelii
578 2060 722 2103 equo;
765 2047 969 2093 Cloeliae
1016 2048 1241 2104 historia3
1288 2048 1427 2094 Pauli
1472 2063 1640 2107 corpus
1687 2064 1717 2094 a
1754 2050 1987 2096 militibus

284 2109 523 2164 repertum
561 2109 797 2151 crematur
837 2111 1103 2153 449—577.
1176 2108 1494 2153 Romanorum
1531 2122 1680 2167 angor
1719 2114 1984 2155 578—591.

286 2166 459 2211 Fabius
501 2165 675 2211 ciuium
715 2165 896 2211 animos
937 2167 1080 2223 erigit
1118 2171 1382 2213 592—604.
1437 2168 1566 2213 idem
1595 2168 1748 2225 plebis
1787 2169 1903 2213 iram
1934 2169 1985 2214 in

292 2226 544 2271 Uarronem
570 2226 781 2270 oratione
808 2226 943 2270 sedat
970 2231 1220 2272 605—622.
1276 2227 1498 2271 Uarronis
1531 2226 1707 2273 reditus
1732 2232 1983 2274 623-639.

287 2288 478 2331 senatus
509 2298 635 2329 noua
667 2285 864 2330 consilia
894 2285 986 2330 init
1017 2287 1074 2332 de
1107 2285 1255 2344 copiis
1286 2285 1607 2332 restaurandis
1640 2288 1689 2332 et
1717 2287 1843 2332 bello
1876 2301 1996 2333 con·.

283 2345 513 2391 tinuando
546 2348 796 2390 640-658.

404 2406 568 2447 Liber
591 2405 689 2448 XI.
753 2403 930 2448 Multae
955 2404 1123 2449 Italiae
1147 2406 1312 2461 gentes
1338 2405 1398 2449 ad
1421 2404 1735 2450 Hannibalem
1758 2404 1984 2451 deficiunt

286 2467 445 2509 1—27.
508 2461 665 2507 Etiam
698 2462 886 2520 Capua
918 2463 979 2507 ad
1010 2463 1190 2508 Poenos
1220 2464 1438 2519 inclinat;
1488 2464 1832 2521 Campanorum
1863 2463 1983 2509 diui-

283 2524 379 2567 tiae
413 2524 462 2567 et
483 2535 637 2566 mores
669 2521 845 2579 perditi
869 2527 1059 2567 28-54.
1113 2523 1318 2568 Pacuuio
1351 2524 1542 2567 auctore
1574 2523 1759 2580 legatos
1783 2523 1983 2569 Romam

282 2582 480 2626 mittunt
511 2580 666 2626 Virrio
707 2581 844 2638 duce,
894 2582 975 2637 qui
1006 2582 1269 2639 postulent,
1311 2584 1363 2626 ut
1402 2582 1525 2627 alter
1564 2583 1726 2627 consul
1758 2597 1815 2628 ex
1845 2581 1980 2627 Cam·

282 2640 418 2698 panis
446 2640 664 2695 'creetur;
703 2641 812 2684 huic
851 2641 1158 2698 postulationi
1190 2641 1475 2697 Torquatus,
1508 2642 1703 2698 Fabius,
1734 2641 1981 2687 Marcellus

282 2700 586 2744 uehementer
623 2700 846 2744 resistunt
878 2703 1096 2746 55-129,
1151 2702 1253 2744 tum
1294 2699 1521 2757 Campani
1566 2701 1625 2745 ad
1664 2700 1980 2745 Hannibalem

284 2758 507 2803 deficiunt
554 2759 654 2802 solo
702 2758 847 2803 Decio
895 2758 1071 2803 frustra
1115 2761 1346 2805 renitente
1398 2764 1661 2805 130—189.
1740 2758 1979 2804 Hannibal

285 2817 493 2873 Capuam
532 2817 770 2874 profectus
811 2819 1007 2862 Decium
1045 2818 1096 2862 in
1134 2818 1292 2863 uincla
1322 2819 1474 2863 conici
1505 2819 1658 2874 iubet;
1703 2818 1819 2874 (eius
1850 2830 1978 2862 mors

283 2879 551 2932 877—384).
605 2875 773 2920 deinde
799 2877 1084 2934 perlustrata
1107 2878 1227 2922 urbe
1256 2878 1470 2923 conuiuio
1495 2877 1691 2923 interest
1713 2881 1976 2922 259—368:

285 2933 517 2980 Teuthras
551 2933 783 2979 Cumanus
815 2936 875 2980 ad
906 2937 1057 2993 lyram
1090 2937 1216 2981 canit
1240 2940 1534 2995 (288-302);
1568 2935 1763 2982 Pacuuii
1791 2935 1915 2980 filius
1946 2950 1977 2980 a
