1982 3224
123 110 134 123 Κ
193 153 305 198 VIII
874 153 1231 200 PRAEFATIO.

305 297 478 343 Liber
515 296 611 343 VI.
701 290 769 343 87
827 289 960 342 estis
1014 289 1110 342 ubi
1164 290 1383 359 superi?
1437 308 1505 344 en
1557 291 1755 361 iterum
1806 297 1893 347 etc.

199 364 356 417 Thilo
512 363 618 417 145
658 362 858 430 saeuis]
902 363 1069 417 sacris
1107 381 1210 417 van
1244 365 1376 417 Veen
1511 365 1616 418 307
1658 365 1892 420 Martem

194 440 403 508 regere]
463 437 532 490 M.
590 441 798 490 struere
851 438 934 491 uel
987 437 1278 507 instruere,
1330 439 1438 491 nisi
1484 438 1625 492 ciere
1677 441 1893 494 retineri

185 513 374 582 possit,
413 513 599 565 conicit
639 511 797 565 Thilo
1024 512 1131 565 327
1172 514 1301 567 adde
1339 513 1399 566 in
1437 530 1556 582 app.
1595 515 1890 568 certamine

194 585 392 639 Graius
434 585 514 640 Oh
532 583 609 657 (?)
760 586 868 640 353
910 586 941 639 l.
982 585 1220 639 intortos
1336 587 1460 640 362.
1501 587 1571 640 63
1611 586 1688 640 Et
1724 588 1889 642 remis

193 661 361 714 dictet
415 660 653 714 sonitum
708 660 1020 729 pariterque
1074 660 1261 713 relatis
1273 702 1287 729 ,
1352 660 1437 713 Ad
1490 679 1774 715 numerum
1829 666 1891 715 ut

190 735 454 804 plaudant
491 752 594 787 res.
635 734 864 802 caerula,
903 737 1076 787 tonsis
1115 752 1220 788 van
1253 735 1385 788 Veen
1468 735 1577 789 451
1617 736 1650 789 l.
1681 736 1742 789 in
1772 753 1890 805 app.

192 826 248 860 se
289 808 449 861 clusit
489 807 588 862 Cm
761 808 869 861 467
913 809 1095 876 dator]
1138 811 1325 862 auctor
1362 827 1466 862 van
1499 809 1632 863 Veen
1778 810 1890 863 474

193 882 373 949 annis]
417 883 584 935 armis
622 883 760 936 idem
871 882 982 936 560
1023 884 1302 949 canentes]
1345 883 1657 953 squalentes
1696 884 1832 937 idem

191 956 300 1011 665
341 957 671 1026 donumque]
711 957 1100 1025 decumamque
1143 957 1300 1010 Thilo
1339 960 1479 1026 recte,
1517 961 1577 1010 ut
1611 958 1796 1026 opinor

189 1031 299 1084 682
340 1031 372 1084 l.
413 1049 560 1084 seras
676 1031 785 1084 689
825 1032 960 1083 inter
998 1031 1156 1084 uerba
1193 1031 1455 1101 religatus
1495 1035 1544 1084 et
1579 1031 1768 1085 ordine
1806 1048 1890 1084 ex-

189 1105 370 1159 cidisse
406 1104 612 1172 aliquid
638 1109 795 1173 putat
835 1104 992 1158 Thilo
1093 1105 1199 1159 708
1242 1106 1448 1172 clausa]
1491 1105 1684 1174 plausa
1721 1105 1888 1159 Hein-

188 1180 299 1232 sius
338 1179 505 1232 densa
541 1195 644 1231 van
677 1178 822 1232 Veen.

297 1260 470 1307 Liber
498 1261 625 1307 VII.
701 1253 738 1306 4
767 1256 890 1322 post
924 1252 1139 1306 hostem
1177 1270 1282 1307 van
1315 1253 1448 1306 Veen
1485 1256 1610 1306 recte
1649 1253 1890 1306 leuiorem

185 1329 562 1382 distinctionem
592 1328 747 1395 ponit
874 1328 945 1381 85
986 1328 1139 1379 uaria
1169 1357 1237 1364 —
1264 1328 1484 1394 corona]
1527 1326 1679 1380 uario
1710 1357 1772 1364 —
1802 1345 1889 1380 co-

183 1401 299 1456 lore
339 1419 443 1455 van
479 1401 612 1456 Veen
788 1400 893 1454 146
933 1401 1069 1467 irae]
1109 1400 1258 1454 intus
1298 1402 1432 1455 idem
1601 1401 1708 1454 184
1746 1405 1888 1467 recte,

183 1481 243 1529 nt
272 1477 475 1544 opinor,
516 1475 674 1529 Thilo
698 1475 930 1544 praefert
959 1475 1227 1543 decerpsit
1265 1475 1329 1541 cf.
1357 1474 1443 1528 Ov.
1469 1475 1597 1527 Met.
1625 1473 1726 1527 XI
1741 1478 1851 1528 112

188 1551 295 1604 211
340 1550 372 1603 l.
413 1549 622 1602 lacibus
662 1548 750 1617 (cf.
789 1547 1009 1617 Georyes
1039 1550 1098 1601 in
1131 1548 1378 1602 ‘Lexicon
1407 1549 1498 1602 der
1529 1548 1698 1602 latein.
1716 1548 1881 1602 Wort-

180 1623 409 1692 formen'
439 1641 497 1692 p.
531 1624 660 1693 755)
841 1623 950 1676 246
999 1623 1031 1676 l.
1071 1622 1282 1692 Artior,
1328 1626 1384 1675 et
1428 1621 1579 1675 nullo
1618 1621 1678 1674 Τ.
1717 1625 1886 1675 certa-

184 1698 329 1751 mine
372 1700 635 1767 quantum
674 1701 759 1752 etc.
797 1698 1003 1751 sublata
1040 1697 1361 1750 distinctione
1474 1696 1586 1750 260
1626 1696 1655 1749 l.
1697 1714 1825 1749 cura

184 1771 294 1826 295
334 1771 471 1838 dire]
515 1772 667 1824 deses
711 1771 870 1825 Thilo
1026 1771 1137 1824 412
1176 1773 1351 1836 totus]
1394 1774 1572 1822 motus
1613 1769 1885 1823 Baehrens

184 1847 257 1916 ad
296 1844 483 1899 Catull.
516 1862 569 1913 p.
603 1846 708 1898 365
869 1844 980 1896 440
1020 1862 1204 1897 sacrae
1236 1844 1440 1909 lentus]
1483 1861 1636 1896 sacra
1677 1844 1880 1897 electus

182 1937 285 1973 van
327 1919 459 1974 Veen
497 1922 639 1982 recte,
677 1921 736 1971 nt
770 1919 967 1986 opinor,
1006 1918 1068 1984 cfi
1109 1917 1236 1972 Stat.
1277 1917 1404 1971 Ach.
1444 1917 1522 1969 II
1553 1919 1620 1970 51
1772 1917 1884 1971 516

185 1995 215 2047 l.
257 1995 561 2063 aequantur
599 1992 832 2061 penitUS,
872 1993 1009 2060 quod
1043 1995 1169 2045 recte
1205 1991 1301 2058 def.
1346 1991 1503 2044 Thilo
1657 1991 1764 2045 629
1803 1990 1883 2044 fu-

183 2069 297 2133 sus]
338 2067 516 2120 fossus
555 2083 658 2120 van
692 2066 823 2120 Veen
985 2066 1091 2119 723
1133 2065 1312 2135 Tyriis
1351 2067 1534 2119 retinet
1574 2065 1732 2118 Thilo
1766 2070 1884 2132 post

181 2141 271 2195 hoc
309 2141 521 2194 uerbum
559 2142 687 2194 dnos
724 2140 1067 2194 hemistichios
1105 2142 1350 2194 excidisse
1388 2141 1703 2193 existimans.

292 2222 464 2269 Liber
500 2223 655 2269 VIII.
760 2215 830 2267 14
874 2232 1166 2284 pugnaque
1216 2216 1506 2283 manuque]
1558 2229 1878 2283 pugnaeque

181 2307 480 2359 manusque
519 2290 602 2343 uel
640 2306 960 2359 pugnaeque
1001 2306 1270 2357 manuque
1309 2305 1410 2341 van
1452 2287 1584 2340 Veen
1733 2286 1803 2339 91
1847 2287 1878 2339 l.

182 2364 240 2415 in
279 2381 399 2431 app.
439 2363 703 2433 fulgentis
743 2362 849 2415 Iuli
890 2361 987 2416 Om
1031 2362 1134 2430 Ep.
1165 2366 1241 2415 28
1353 2360 1613 2431 fulgentis
1652 2361 1787 2413 deest
1820 2361 1879 2413 in

182 2435 217 2490 S
258 2443 341 2490 etc.
536 2438 640 2490 176
682 2439 955 2506 suspecta]
999 2454 1260 2504 suspensa
1306 2453 1410 2488 van
1451 2435 1582 2488 Veen
1769 2433 1879 2486 246
1939 2441 1943 2445 ’

178 2513 382 2580 Atque]
426 2510 674 2581 Namque
714 2516 763 2564 et
798 2512 903 2565 247
947 2513 1021 2577 et]
1058 2513 1114 2562 at
1144 2511 1279 2562 idem
1389 2509 1496 2562 309
1537 2509 1672 2574 ictu]
1711 2507 1880 2560 ictum

176 2585 311 2637 idem
426 2587 533 2639 313
575 2585 667 2655 qui
706 2585 844 2638 ritus
884 2584 1086 2650 hostis]
1128 2586 1362 2652 quantus
1403 2583 1475 2635 sit
1513 2581 1688 2635 hostis
1726 2579 1878 2646 Ross-

178 2659 303 2713 bach
465 2660 573 2712 325
613 2658 934 2725 irritauerit]
977 2657 1082 2710 tibi
1119 2657 1316 2710 fauerit
1361 2656 1517 2710 Thilo
1556 2672 1669 2709 cum
1709 2654 1879 2707 Hein—

175 2734 253 2786 sio
480 2734 603 2786 387.
644 2733 713 2786 88
755 2763 826 2772 —-
851 2732 1025 2785 uirtus
1035 2775 1048 2801 ,
1083 2730 1300 2785 -Inuicta
1341 2731 1560 2800 species,
1600 2729 1753 2780 finire
1792 2732 1877 2781 etc.

175 2806 433 2873 Rossbach
472 2808 531 2859 in
571 2806 712 2860 Mus.
746 2807 910 2859 Rhen.
949 2810 1088 2860 1891
1114 2823 1173 2874 10.
1198 2810 1299 2859 311
1321 2822 1391 2873 sq.
1429 2805 1647 2870 fortasse
1684 2805 1813 2855 recte

174 2881 283 2934 418
325 2881 588 2947 retortus]
629 2885 867 2934 resectus
912 2880 1072 2933 Thilo
1244 2879 1355 2932 420
1395 2878 1546 2943 laeti]
1587 2876 1733 2928 laeta
1771 2891 1874 2927 van

180 2955 309 3009 Veen
447 2954 555 3007 439
596 2955 725 3007 adde
762 2956 822 3007 in
859 2971 977 3022 app.
1016 2953 1261 3022 Uopicus
1303 2950 1406 3005 Col.
1448 2954 1564 3003 teste
1601 2947 1873 3002 Hcriberto
