1988 3190
653 142 1015 188 PUNICORUM
1043 142 1226 194 LIBER
1256 142 1378 191 XVI.
1757 141 1862 197 161

174 280 292 335 Nos
330 279 537 350 Libyae
575 278 735 332 terris
774 279 1081 331 tramittere
1122 278 1281 349 signa
1318 278 1565 349 pigebit?

173 355 248 409 Et
287 353 479 424 Tyrias
521 353 729 422 agitare
770 352 999 406 domos?
1055 370 1244 405 secura
1280 353 1469 422 pericli

173 428 363 482 Litora
399 429 514 482 lata
551 429 757 496 patent,
798 429 853 479 et
893 426 1077 496 opima
1115 444 1248 496 paee
1289 427 1471 495 quieta

173 501 298 558 Stat
336 502 534 572 tellus*
579 501 771 554 timeat
809 500 1032 554 tandem
1073 498 1364 571 Carthag0‚
1402 501 1586 555 timeri

169 576 420 646 Assueta‚
461 579 514 629 et
551 575 725 645 nobiS,
763 574 1009 644 quamuis
1051 573 1307 627 Oenotria
1345 575 1585 629 nondum
1775 589 1862 630 685

169 650 475 703 Hannibale
516 668 647 703 arua
683 651 894 718 uacent,
933 666 1213 717 superesse
1252 648 1540 719 intellegat
1579 668 1745 703 arma.

112 729 122 742 ‘
168 723 333 777 Illum
373 741 489 794 ego,
530 741 688 792 quem
727 725 941 775 uosmet
981 723 1123 775 cauti
1164 723 1518 793 consultaque
1557 727 1739 777 uestra

169 795 235 850 In
273 797 432 851 Latio
471 798 647 850 fecere
688 814 887 866 senem,
927 795 1014 849 eui
1053 796 1219 848 tertia
1258 797 1409 867 large

170 870 445 925 Fundenti
482 874 732 924 nostrum
771 871 1039 924 ducuntur
1078 870 1252 923 lustra
1292 889 1551 940 eruorem,

171 944 337 998 Illum
363 962 462 1015 ego
481 945 548 998 ad
565 944 813 997 incensas
834 944 1198 1013 trepidantem
1223 947 1276 997 et
1299 963 1420 998 sera
1442 948 1734 1014 pauentem
1774 960 1862 1001 690

174 1018 475 1072 Aduertam
513 1018 724 1088 patriae
765 1018 930 1071 sedes.
997 1036 1064 1070 an
1089 1017 1264 1071 Roma
1301 1019 1508 1071 uidebit

175 1092 382 1162 Turpia
419 1092 740 1162 Agenoreae
781 1093 950 1144 muris
989 1092 1226 1161 uestigia
1265 1092 1521 1146 dextrae?

173 1164 452 1236 Carthago
491 1166 750 1219 immunis
789 1168 1006 1219 nostros
1047 1183 1236 1218 secura
1273 1166 1489 1220 labores

173 1239 378 1294 Audiet
416 1240 623 1293 interea
662 1244 718 1293 et
756 1240 929 1308 portis
969 1240 1201 1292 bellabit
1240 1240 1478 1309 apertis?

171 1314 310 1367 Tum
348 1331 477 1367 uero
517 1314 699 1383 pulset
737 1316 955 1366 nostras
995 1314 1194 1365 iterum
1233 1313 1514 1382 improbus
1553 1315 1728 1370 hostis
1777 1330 1865 1372 695

174 1387 363 1440 Ariete
404 1385 625 1440 Sidonio
665 1387 844 1454 turris„
885 1388 931 1439 si
970 1387 1176 1455 templa
1215 1405 1433 1440 suorum

172 1459 301 1514 Non
340 1463 466 1513 ante
506 1460 739 1513 audierit
777 1460 996 1513 Rutulis
1037 1460 1357 1529 crepitantia
1395 1462 1664 1517 flammis?

250 1534 474 1587 Talibus
516 1534 727 1587 accensi
763 1537 960 1603 patreS,
998 1534 1219 1603 fatoque
1258 1539 1500 1605 uocante‚

177 1607 429 1662 Consulis
471 1611 777 1661 annuerunt
817 1608 992 1678 dietis,
1028 1607 1373 1677 faustumque
1412 1611 1617 1678 precati

171 1681 250 1735 Ut
288 1681 430 1735 foret
467 1680 757 1750 Ausoniae,
795 1683 1099 1735 tramittere
1138 1681 1285 1735 bella
1325 1683 1602 1737 dederunt.
1778 1700 1864 1740 700

290 1906 376 1946 690
407 1901 679 1959 pauentem]
724 1902 966 1946 canentem
998 1901 1198 1959 Ruperti
1388 1908 1472 1947 691
1504 1902 1730 1949 Auertam
1762 1907 1862 1951 edd.

169 1961 421 2006 nonnullae
572 1965 656 2004 692
690 1959 912 2017 agenor-ie
945 1964 1018 2003 ov
1170 1965 1255 2006 695
1286 1960 1523 2018 improbet
1555 1967 1604 2020 S,
1635 1965 1715 2009 sed
1745 1966 1798 2009 in
1827 1970 1863 2008 Ε

170 2021 224 2064 in
255 2019 495 2076 improbus
528 2033 642 2065 corr.
774 2025 857 2064 696
892 2020 1100 2079 suorum]
1142 2021 1334 2065 deorum
1367 2021 1513 2067 Bothe
1659 2027 1744 2067 699
1779 2037 1861 2068 an-

170 2079 371 2180 puerunt
401 2083 469 2121 ΒΕ·
518 2081 776 2123 annuerent
808 2082 879 2120 ov
927 2083 1188 2124 annuerant
1217 2081 1356 2137 uulqo
1540 2086 1625 2126 700
1664 2082 1788 2127 foret
1819 2087 1857 2125 V

195 2139 293 2183 orte
324 2142 427 2180 Lro

265 3009 400 3044 Surus
423 3010 627 3046 Iuncus.
659 3012 711 3046 11.
1450 3011 1500 3050 11
