<?xml version="1.0" encoding="UTF-8"?>
<!DOCTYPE html PUBLIC "-//W3C//DTD XHTML 1.0 Transitional//EN"
    "http://www.w3.org/TR/xhtml1/DTD/xhtml1-transitional.dtd">
<html xmlns="http://www.w3.org/1999/xhtml" xml:lang="en" lang="en">
 <head>
  <title>
</title>
<meta http-equiv="Content-Type" content="text/html;charset=utf-8" />
  <meta name='ocr-system' content='tesseract 3.04.00' />
  <meta name='ocr-capabilities' content='ocr_page ocr_carea ocr_par ocr_line ocrx_word'/>
</head>
<body>
  <div class='ocr_page' id='page_1' title='image "./punicasili02siliuoft/punicasili02siliuoft_0167.png"; bbox 0 0 1988 3190; ppageno 0'>
   <div class='ocr_carea' id='block_1_1' title="bbox 613 165 1823 218">
    <p class='ocr_par' dir='ltr' id='par_1_1' title="bbox 613 165 1823 218">
     <span class='ocr_line' id='line_1_1' title="bbox 613 165 1823 218; baseline 0.006 -7"><span class='ocrx_word' id='word_1_1' title='bbox 613 165 971 213; x_wconf 86' lang='lat' dir='ltr'>PUNICORUM</span> <span class='ocrx_word' id='word_1_2' title='bbox 1001 165 1185 211; x_wconf 86' lang='lat' dir='ltr'>LIBER</span> <span class='ocrx_word' id='word_1_3' title='bbox 1215 166 1336 211; x_wconf 91' lang='lat' dir='ltr'>XVI.</span> <span class='ocrx_word' id='word_1_4' title='bbox 1714 165 1823 218; x_wconf 81' lang='grc'>153</span> 
     </span>
    </p>
   </div>
   <div class='ocr_carea' id='block_1_2' title="bbox 134 300 1825 2210">
    <p class='ocr_par' dir='ltr' id='par_1_2' title="bbox 137 300 1720 446">
     <span class='ocr_line' id='line_1_2' title="bbox 139 300 1373 369; baseline -0.003 -13"><span class='ocrx_word' id='word_1_5' title='bbox 139 300 334 356; x_wconf 77' lang='lat' dir='ltr'>Cetera</span> <span class='ocrx_word' id='word_1_6' title='bbox 373 303 613 356; x_wconf 89' lang='lat' dir='ltr'>contenti</span> <span class='ocrx_word' id='word_1_7' title='bbox 653 302 927 355; x_wconf 89' lang='lat' dir='ltr'>discedent</span> <span class='ocrx_word' id='word_1_8' title='bbox 965 302 1126 354; x_wconf 88' lang='lat' dir='ltr'>turba</span> <span class='ocrx_word' id='word_1_9' title='bbox 1167 301 1373 369; x_wconf 90' lang='lat' dir='ltr'>duobus</span> 
     </span>
     <span class='ocr_line' id='line_1_3' title="bbox 137 373 1720 446; baseline -0.003 -16"><span class='ocrx_word' id='word_1_10' title='bbox 137 375 373 446; x_wconf 81' lang='lat' dir='ltr'>Quisque</span> <span class='ocrx_word' id='word_1_11' title='bbox 411 377 563 430; x_wconf 88' lang='lat' dir='ltr'>ferox</span> <span class='ocrx_word' id='word_1_12' title='bbox 600 377 804 440; x_wconf 83' lang='lat' dir='ltr'>iaculiS,</span> <span class='ocrx_word' id='word_1_13' title='bbox 843 394 978 445; x_wconf 88' lang='lat' dir='ltr'>quae</span> <span class='ocrx_word' id='word_1_14' title='bbox 1018 375 1113 428; x_wconf 90' lang='lat' dir='ltr'>dat</span> <span class='ocrx_word' id='word_1_15' title='bbox 1152 374 1356 444; x_wconf 78' lang='lat' dir='ltr'>gentile</span> <span class='ocrx_word' id='word_1_16' title='bbox 1400 373 1720 427; x_wconf 87' lang='lat' dir='ltr'>metallum.’</span> 
     </span>
    </p>

    <p class='ocr_par' dir='ltr' id='par_1_3' title="bbox 210 447 1820 521">
     <span class='ocr_line' id='line_1_4' title="bbox 210 447 1820 521; baseline -0.001 -18"><span class='ocrx_word' id='word_1_17' title='bbox 210 449 504 521; x_wconf 71' lang='lat' dir='ltr'>Fulgentes</span> <span class='ocrx_word' id='word_1_18' title='bbox 543 451 695 519; x_wconf 88' lang='lat' dir='ltr'>pueri</span> <span class='ocrx_word' id='word_1_19' title='bbox 735 450 1020 503; x_wconf 74' lang='lat' dir='ltr'>Tartessos</span> <span class='ocrx_word' id='word_1_20' title='bbox 1062 451 1115 500; x_wconf 91' lang='lat' dir='ltr'>et</span> <span class='ocrx_word' id='word_1_21' title='bbox 1153 447 1429 516; x_wconf 85' lang='lat' dir='ltr'>Hesperos</span> <span class='ocrx_word' id='word_1_22' title='bbox 1471 466 1565 502; x_wconf 86' lang='lat' dir='ltr'>ora</span> <span class='ocrx_word' id='word_1_23' title='bbox 1733 462 1820 502; x_wconf 82' lang='lat'>465</span> 
     </span>
    </p>

    <p class='ocr_par' dir='ltr' id='par_1_4' title="bbox 139 522 1386 592">
     <span class='ocr_line' id='line_1_5' title="bbox 139 522 1386 592; baseline -0.001 -16"><span class='ocrx_word' id='word_1_24' title='bbox 139 523 432 577; x_wconf 91' lang='lat' dir='ltr'>Ostendere</span> <span class='ocrx_word' id='word_1_25' title='bbox 473 524 631 577; x_wconf 91' lang='lat' dir='ltr'>simul</span> <span class='ocrx_word' id='word_1_26' title='bbox 671 524 824 592; x_wconf 90' lang='lat' dir='ltr'>uulgi</span> <span class='ocrx_word' id='word_1_27' title='bbox 863 525 1096 577; x_wconf 91' lang='lat' dir='ltr'>clamore</span> <span class='ocrx_word' id='word_1_28' title='bbox 1138 522 1386 575; x_wconf 90' lang='lat' dir='ltr'>secundo.</span> 
     </span>
    </p>

    <p class='ocr_par' dir='ltr' id='par_1_5' title="bbox 135 594 1555 666">
     <span class='ocr_line' id='line_1_6' title="bbox 135 594 1555 666; baseline -0.002 -16"><span class='ocrx_word' id='word_1_29' title='bbox 135 597 250 651; x_wconf 91' lang='lat' dir='ltr'>Hos</span> <span class='ocrx_word' id='word_1_30' title='bbox 291 597 453 666; x_wconf 83' lang='lat' dir='ltr'>Tyria</span> <span class='ocrx_word' id='word_1_31' title='bbox 492 597 686 650; x_wconf 77' lang='lat' dir='ltr'>misere</span> <span class='ocrx_word' id='word_1_32' title='bbox 726 597 883 650; x_wconf 91' lang='lat' dir='ltr'>domo</span> <span class='ocrx_word' id='word_1_33' title='bbox 922 597 1101 666; x_wconf 89' lang='lat' dir='ltr'>patria</span> <span class='ocrx_word' id='word_1_34' title='bbox 1140 595 1328 648; x_wconf 91' lang='lat' dir='ltr'>inclita</span> <span class='ocrx_word' id='word_1_35' title='bbox 1363 594 1555 648; x_wconf 81' lang='lat' dir='ltr'>Gades.</span> 
     </span>
    </p>

    <p class='ocr_par' dir='ltr' id='par_1_6' title="bbox 135 670 1825 1110">
     <span class='ocr_line' id='line_1_7' title="bbox 138 670 1503 740; baseline -0.002 -16"><span class='ocrx_word' id='word_1_36' title='bbox 138 670 270 725; x_wconf 92' lang='lat' dir='ltr'>Mox</span> <span class='ocrx_word' id='word_1_37' title='bbox 309 671 469 739; x_wconf 89' lang='lat' dir='ltr'>subit,</span> <span class='ocrx_word' id='word_1_38' title='bbox 509 689 758 740; x_wconf 88' lang='lat' dir='ltr'>aspersus</span> <span class='ocrx_word' id='word_1_39' title='bbox 798 670 976 740; x_wconf 89' lang='lat' dir='ltr'>prima</span> <span class='ocrx_word' id='word_1_40' title='bbox 1013 670 1272 739; x_wconf 81' lang='lat' dir='ltr'>lanugine</span> <span class='ocrx_word' id='word_1_41' title='bbox 1314 670 1503 738; x_wconf 79' lang='lat' dir='ltr'>malaS,</span> 
     </span>
     <span class='ocr_line' id='line_1_8' title="bbox 135 743 1662 815; baseline -0.001 -18"><span class='ocrx_word' id='word_1_42' title='bbox 135 744 416 815; x_wconf 85' lang='lat' dir='ltr'>Baeticus;</span> <span class='ocrx_word' id='word_1_43' title='bbox 453 745 556 799; x_wconf 88' lang='lat' dir='ltr'>hoc</span> <span class='ocrx_word' id='word_1_44' title='bbox 596 745 815 798; x_wconf 76' lang='lat' dir='ltr'>dederat</span> <span class='ocrx_word' id='word_1_45' title='bbox 852 762 1016 813; x_wconf 92' lang='lat' dir='ltr'>puero</span> <span class='ocrx_word' id='word_1_46' title='bbox 1058 760 1358 812; x_wconf 85' lang='lat' dir='ltr'>cognomen</span> <span class='ocrx_word' id='word_1_47' title='bbox 1397 743 1464 795; x_wconf 91' lang='lat' dir='ltr'>ab</span> <span class='ocrx_word' id='word_1_48' title='bbox 1506 761 1662 796; x_wconf 89' lang='lat' dir='ltr'>amne</span> 
     </span>
     <span class='ocr_line' id='line_1_9' title="bbox 139 816 1825 886; baseline 0 -15"><span class='ocrx_word' id='word_1_49' title='bbox 139 817 391 872; x_wconf 86' lang='lat' dir='ltr'>Corduba</span> <span class='ocrx_word' id='word_1_50' title='bbox 430 821 485 870; x_wconf 93' lang='lat' dir='ltr'>et</span> <span class='ocrx_word' id='word_1_51' title='bbox 523 818 667 871; x_wconf 91' lang='lat' dir='ltr'>haud</span> <span class='ocrx_word' id='word_1_52' title='bbox 706 836 874 886; x_wconf 91' lang='lat' dir='ltr'>paruo</span> <span class='ocrx_word' id='word_1_53' title='bbox 914 816 1208 871; x_wconf 89' lang='lat' dir='ltr'>certamina</span> <span class='ocrx_word' id='word_1_54' title='bbox 1246 817 1391 869; x_wconf 89' lang='lat' dir='ltr'>laeta</span> <span class='ocrx_word' id='word_1_55' title='bbox 1429 816 1666 870; x_wconf 88' lang='lat' dir='ltr'>fouebat.</span> <span class='ocrx_word' id='word_1_56' title='bbox 1736 831 1825 871; x_wconf 84' lang='lat'>470</span> 
     </span>
     <span class='ocr_line' id='line_1_10' title="bbox 135 890 1539 959; baseline -0.002 -14"><span class='ocrx_word' id='word_1_57' title='bbox 135 891 283 959; x_wconf 90' lang='lat' dir='ltr'>Inde,</span> <span class='ocrx_word' id='word_1_58' title='bbox 324 910 532 945; x_wconf 90' lang='lat' dir='ltr'>comam</span> <span class='ocrx_word' id='word_1_59' title='bbox 572 892 783 959; x_wconf 81' lang='lat' dir='ltr'>rutiluS,</span> <span class='ocrx_word' id='word_1_60' title='bbox 825 891 917 944; x_wconf 91' lang='lat' dir='ltr'>sed</span> <span class='ocrx_word' id='word_1_61' title='bbox 956 909 1077 944; x_wconf 92' lang='lat' dir='ltr'>cum</span> <span class='ocrx_word' id='word_1_62' title='bbox 1117 890 1330 959; x_wconf 88' lang='lat' dir='ltr'>fulgore</span> <span class='ocrx_word' id='word_1_63' title='bbox 1368 891 1539 942; x_wconf 89' lang='lat' dir='ltr'>niuali</span> 
     </span>
     <span class='ocr_line' id='line_1_11' title="bbox 140 964 1578 1035; baseline -0.003 -16"><span class='ocrx_word' id='word_1_64' title='bbox 140 964 410 1035; x_wconf 79' lang='lat' dir='ltr'>CorporiS,</span> <span class='ocrx_word' id='word_1_65' title='bbox 449 965 700 1035; x_wconf 90' lang='lat' dir='ltr'>impleuit</span> <span class='ocrx_word' id='word_1_66' title='bbox 740 983 960 1018; x_wconf 87' lang='lat' dir='ltr'>caueam</span> <span class='ocrx_word' id='word_1_67' title='bbox 1000 964 1325 1017; x_wconf 87' lang='lat' dir='ltr'>clamoribus</span> <span class='ocrx_word' id='word_1_68' title='bbox 1366 981 1578 1016; x_wconf 92' lang='lat' dir='ltr'>omnem</span> 
     </span>
     <span class='ocr_line' id='line_1_12' title="bbox 137 1038 1380 1110; baseline -0.002 -19"><span class='ocrx_word' id='word_1_69' title='bbox 137 1038 405 1110; x_wconf 82' lang='lat' dir='ltr'>Eurytus3</span> <span class='ocrx_word' id='word_1_70' title='bbox 445 1039 654 1092; x_wconf 88' lang='lat' dir='ltr'>excelso</span> <span class='ocrx_word' id='word_1_71' title='bbox 693 1039 957 1091; x_wconf 89' lang='lat' dir='ltr'>nutritum</span> <span class='ocrx_word' id='word_1_72' title='bbox 997 1038 1130 1090; x_wconf 90' lang='lat' dir='ltr'>colle</span> <span class='ocrx_word' id='word_1_73' title='bbox 1170 1041 1380 1090; x_wconf 87' lang='lat' dir='ltr'>crearat</span> 
     </span>
    </p>

    <p class='ocr_par' dir='ltr' id='par_1_7' title="bbox 134 1110 1823 1330">
     <span class='ocr_line' id='line_1_13' title="bbox 138 1110 1650 1182; baseline -0.001 -16"><span class='ocrx_word' id='word_1_74' title='bbox 138 1112 401 1181; x_wconf 73' lang='lat' dir='ltr'>Saetabis,</span> <span class='ocrx_word' id='word_1_75' title='bbox 441 1115 604 1182; x_wconf 90' lang='lat' dir='ltr'>atque</span> <span class='ocrx_word' id='word_1_76' title='bbox 644 1112 869 1165; x_wconf 89' lang='lat' dir='ltr'>aderant</span> <span class='ocrx_word' id='word_1_77' title='bbox 906 1110 1103 1179; x_wconf 84' lang='lat' dir='ltr'>trepidi</span> <span class='ocrx_word' id='word_1_78' title='bbox 1140 1110 1344 1180; x_wconf 90' lang='lat' dir='ltr'>pietate</span> <span class='ocrx_word' id='word_1_79' title='bbox 1383 1115 1650 1178; x_wconf 77' lang='lat' dir='ltr'>parentes,</span> 
     </span>
     <span class='ocr_line' id='line_1_14' title="bbox 136 1184 1823 1254; baseline 0.001 -16"><span class='ocrx_word' id='word_1_80' title='bbox 136 1185 275 1238; x_wconf 90' lang='lat' dir='ltr'>Tum</span> <span class='ocrx_word' id='word_1_81' title='bbox 314 1185 512 1239; x_wconf 89' lang='lat' dir='ltr'>Lamus</span> <span class='ocrx_word' id='word_1_82' title='bbox 553 1189 608 1239; x_wconf 91' lang='lat' dir='ltr'>et</span> <span class='ocrx_word' id='word_1_83' title='bbox 649 1184 865 1254; x_wconf 83' lang='lat' dir='ltr'>Sicoris,</span> <span class='ocrx_word' id='word_1_84' title='bbox 903 1185 1081 1254; x_wconf 90' lang='lat' dir='ltr'>proles</span> <span class='ocrx_word' id='word_1_85' title='bbox 1119 1184 1341 1237; x_wconf 79' lang='lat' dir='ltr'>bellacis</span> <span class='ocrx_word' id='word_1_86' title='bbox 1382 1184 1606 1254; x_wconf 85' lang='lat' dir='ltr'>Ilerdae,</span> <span class='ocrx_word' id='word_1_87' title='bbox 1735 1200 1823 1239; x_wconf 81' lang='lat'>475</span> 
     </span>
     <span class='ocr_line' id='line_1_15' title="bbox 134 1255 1600 1330; baseline 0 -18"><span class='ocrx_word' id='word_1_88' title='bbox 134 1258 211 1312; x_wconf 86' lang='lat' dir='ltr'>Et</span> <span class='ocrx_word' id='word_1_89' title='bbox 251 1259 483 1330; x_wconf 83' lang='lat' dir='ltr'>Theron,</span> <span class='ocrx_word' id='word_1_90' title='bbox 521 1263 743 1329; x_wconf 87' lang='lat' dir='ltr'>potator</span> <span class='ocrx_word' id='word_1_91' title='bbox 782 1277 967 1328; x_wconf 85' lang='lat' dir='ltr'>aquae,</span> <span class='ocrx_word' id='word_1_92' title='bbox 1007 1258 1105 1310; x_wconf 92' lang='lat' dir='ltr'>sub</span> <span class='ocrx_word' id='word_1_93' title='bbox 1143 1258 1360 1310; x_wconf 91' lang='lat' dir='ltr'>nomine</span> <span class='ocrx_word' id='word_1_94' title='bbox 1399 1255 1600 1312; x_wconf 85' lang='lat' dir='ltr'>Lethes</span> 
     </span>
    </p>

    <p class='ocr_par' dir='ltr' id='par_1_8' title="bbox 136 1331 1663 1401">
     <span class='ocr_line' id='line_1_16' title="bbox 136 1331 1663 1401; baseline 0 -16"><span class='ocrx_word' id='word_1_95' title='bbox 136 1333 284 1396; x_wconf 82' lang='lat' dir='ltr'>Quae</span> <span class='ocrx_word' id='word_1_96' title='bbox 322 1334 458 1400; x_wconf 86' lang='lat' dir='ltr'>fluit,</span> <span class='ocrx_word' id='word_1_97' title='bbox 495 1333 799 1386; x_wconf 88' lang='lat' dir='ltr'>immemori</span> <span class='ocrx_word' id='word_1_98' title='bbox 838 1332 1210 1401; x_wconf 88' lang='lat' dir='ltr'>perstringens</span> <span class='ocrx_word' id='word_1_99' title='bbox 1251 1331 1464 1401; x_wconf 87' lang='lat' dir='ltr'>gurgite</span> <span class='ocrx_word' id='word_1_100' title='bbox 1502 1333 1663 1401; x_wconf 80' lang='lat' dir='ltr'>ripas,</span> 
     </span>
    </p>

    <p class='ocr_par' dir='ltr' id='par_1_9' title="bbox 134 1406 1824 2136">
     <span class='ocr_line' id='line_1_17' title="bbox 211 1406 1685 1476; baseline 0 -17"><span class='ocrx_word' id='word_1_101' title='bbox 211 1406 315 1468; x_wconf 81' lang='lat' dir='ltr'>Qui</span> <span class='ocrx_word' id='word_1_102' title='bbox 352 1411 659 1476; x_wconf 83' lang='lat' dir='ltr'>postquam,</span> <span class='ocrx_word' id='word_1_103' title='bbox 698 1407 893 1459; x_wconf 85' lang='lat' dir='ltr'>arrecti</span> <span class='ocrx_word' id='word_1_104' title='bbox 931 1407 1135 1474; x_wconf 90' lang='lat' dir='ltr'>plantis</span> <span class='ocrx_word' id='word_1_105' title='bbox 1176 1407 1231 1457; x_wconf 89' lang='lat' dir='ltr'>et</span> <span class='ocrx_word' id='word_1_106' title='bbox 1268 1408 1489 1473; x_wconf 83' lang='lat' dir='ltr'>pectora</span> <span class='ocrx_word' id='word_1_107' title='bbox 1528 1408 1685 1475; x_wconf 88' lang='lat' dir='ltr'>proni</span> 
     </span>
     <span class='ocr_line' id='line_1_18' title="bbox 135 1478 1535 1549; baseline -0.001 -17"><span class='ocrx_word' id='word_1_108' title='bbox 135 1478 528 1549; x_wconf 90' lang='lat' dir='ltr'>Pulsantesque</span> <span class='ocrx_word' id='word_1_109' title='bbox 569 1483 721 1532; x_wconf 87' lang='lat' dir='ltr'>aestu</span> <span class='ocrx_word' id='word_1_110' title='bbox 759 1479 979 1532; x_wconf 90' lang='lat' dir='ltr'>laudum</span> <span class='ocrx_word' id='word_1_111' title='bbox 1019 1478 1317 1531; x_wconf 81' lang='lat' dir='ltr'>exultantia</span> <span class='ocrx_word' id='word_1_112' title='bbox 1358 1478 1535 1547; x_wconf 90' lang='lat' dir='ltr'>corda,</span> 
     </span>
     <span class='ocr_line' id='line_1_19' title="bbox 135 1553 1821 1622; baseline 0.001 -17"><span class='ocrx_word' id='word_1_113' title='bbox 135 1553 407 1622; x_wconf 81' lang='lat' dir='ltr'>Accepere</span> <span class='ocrx_word' id='word_1_114' title='bbox 447 1554 580 1606; x_wconf 90' lang='lat' dir='ltr'>tuba</span> <span class='ocrx_word' id='word_1_115' title='bbox 620 1553 870 1622; x_wconf 86' lang='lat' dir='ltr'>spatium,</span> <span class='ocrx_word' id='word_1_116' title='bbox 910 1553 1144 1605; x_wconf 88' lang='lat' dir='ltr'>exiluere</span> <span class='ocrx_word' id='word_1_117' title='bbox 1182 1569 1278 1620; x_wconf 90' lang='lat' dir='ltr'>per</span> <span class='ocrx_word' id='word_1_118' title='bbox 1318 1570 1477 1604; x_wconf 89' lang='lat' dir='ltr'>auras</span> <span class='ocrx_word' id='word_1_119' title='bbox 1733 1567 1821 1607; x_wconf 83' lang='grc'>480</span> 
     </span>
     <span class='ocr_line' id='line_1_20' title="bbox 138 1625 1373 1695; baseline -0.001 -16"><span class='ocrx_word' id='word_1_120' title='bbox 138 1625 299 1679; x_wconf 89' lang='lat' dir='ltr'>Ocius</span> <span class='ocrx_word' id='word_1_121' title='bbox 340 1626 526 1679; x_wconf 87' lang='lat' dir='ltr'>effusis</span> <span class='ocrx_word' id='word_1_122' title='bbox 568 1645 735 1679; x_wconf 90' lang='lat' dir='ltr'>neruo</span> <span class='ocrx_word' id='word_1_123' title='bbox 777 1626 1099 1679; x_wconf 86' lang='lat' dir='ltr'>exturbante</span> <span class='ocrx_word' id='word_1_124' title='bbox 1140 1625 1373 1695; x_wconf 79' lang='lat' dir='ltr'>sagittis,</span> 
     </span>
     <span class='ocr_line' id='line_1_21' title="bbox 136 1698 1696 1768; baseline 0.001 -17"><span class='ocrx_word' id='word_1_125' title='bbox 136 1699 368 1753; x_wconf 89' lang='lat' dir='ltr'>Diuersa</span> <span class='ocrx_word' id='word_1_126' title='bbox 407 1703 462 1752; x_wconf 89' lang='lat' dir='ltr'>et</span> <span class='ocrx_word' id='word_1_127' title='bbox 501 1700 678 1753; x_wconf 90' lang='lat' dir='ltr'>studia</span> <span class='ocrx_word' id='word_1_128' title='bbox 717 1702 772 1752; x_wconf 90' lang='lat' dir='ltr'>et</span> <span class='ocrx_word' id='word_1_129' title='bbox 812 1700 1031 1763; x_wconf 90' lang='lat' dir='ltr'>clamor,</span> <span class='ocrx_word' id='word_1_130' title='bbox 1070 1699 1410 1768; x_wconf 89' lang='lat' dir='ltr'>pendentque</span> <span class='ocrx_word' id='word_1_131' title='bbox 1449 1698 1696 1752; x_wconf 89' lang='lat' dir='ltr'>fauentes</span> 
     </span>
     <span class='ocr_line' id='line_1_22' title="bbox 136 1772 1715 1844; baseline 0 -19"><span class='ocrx_word' id='word_1_132' title='bbox 136 1772 425 1842; x_wconf 90' lang='lat' dir='ltr'>Unguibus</span> <span class='ocrx_word' id='word_1_133' title='bbox 466 1777 626 1842; x_wconf 91' lang='lat' dir='ltr'>atque</span> <span class='ocrx_word' id='word_1_134' title='bbox 669 1791 810 1844; x_wconf 77' lang='lat' dir='ltr'>SUOS,</span> <span class='ocrx_word' id='word_1_135' title='bbox 846 1778 908 1827; x_wconf 90' lang='lat' dir='ltr'>ut</span> <span class='ocrx_word' id='word_1_136' title='bbox 947 1773 1137 1841; x_wconf 92' lang='lat' dir='ltr'>cuique</span> <span class='ocrx_word' id='word_1_137' title='bbox 1177 1775 1261 1824; x_wconf 90' lang='lat' dir='ltr'>est</span> <span class='ocrx_word' id='word_1_138' title='bbox 1302 1772 1493 1842; x_wconf 84' lang='lat' dir='ltr'>gratia,</span> <span class='ocrx_word' id='word_1_139' title='bbox 1533 1773 1715 1825; x_wconf 89' lang='lat' dir='ltr'>anheli</span> 
     </span>
     <span class='ocr_line' id='line_1_23' title="bbox 135 1845 1824 1918; baseline 0 -19"><span class='ocrx_word' id='word_1_140' title='bbox 135 1845 370 1899; x_wconf 88' lang='lat' dir='ltr'>Nomine</span> <span class='ocrx_word' id='word_1_141' title='bbox 412 1865 676 1916; x_wconf 91' lang='lat' dir='ltr'>quemque</span> <span class='ocrx_word' id='word_1_142' title='bbox 717 1847 874 1901; x_wconf 87' lang='lat' dir='ltr'>cient.</span> <span class='ocrx_word' id='word_1_143' title='bbox 938 1864 1068 1915; x_wconf 89' lang='lat' dir='ltr'>grex</span> <span class='ocrx_word' id='word_1_144' title='bbox 1107 1845 1327 1899; x_wconf 88' lang='lat' dir='ltr'>inclitus</span> <span class='ocrx_word' id='word_1_145' title='bbox 1369 1864 1597 1915; x_wconf 89' lang='lat' dir='ltr'>aequore</span> <span class='ocrx_word' id='word_1_146' title='bbox 1633 1846 1824 1918; x_wconf 85' lang='lat' dir='ltr'>fertur,</span> 
     </span>
     <span class='ocr_line' id='line_1_24' title="bbox 134 1918 1824 1990; baseline 0.001 -18"><span class='ocrx_word' id='word_1_147' title='bbox 134 1918 411 1989; x_wconf 85' lang='lat' dir='ltr'>Nullaque</span> <span class='ocrx_word' id='word_1_148' title='bbox 450 1922 708 1974; x_wconf 89' lang='lat' dir='ltr'>tramissa</span> <span class='ocrx_word' id='word_1_149' title='bbox 745 1920 982 1989; x_wconf 89' lang='lat' dir='ltr'>uestigia</span> <span class='ocrx_word' id='word_1_150' title='bbox 1022 1920 1206 1990; x_wconf 90' lang='lat' dir='ltr'>signat</span> <span class='ocrx_word' id='word_1_151' title='bbox 1243 1919 1460 1972; x_wconf 89' lang='lat' dir='ltr'>harena.</span> <span class='ocrx_word' id='word_1_152' title='bbox 1737 1934 1824 1974; x_wconf 85' lang='lat'>485</span> 
     </span>
     <span class='ocr_line' id='line_1_25' title="bbox 136 1992 1410 2063; baseline -0.001 -18"><span class='ocrx_word' id='word_1_153' title='bbox 136 1993 335 2046; x_wconf 89' lang='lat' dir='ltr'>Omnes</span> <span class='ocrx_word' id='word_1_154' title='bbox 374 1993 639 2063; x_wconf 90' lang='lat' dir='ltr'>primaeui</span> <span class='ocrx_word' id='word_1_155' title='bbox 677 1994 1041 2062; x_wconf 86' lang='lat' dir='ltr'>flauentiaque</span> <span class='ocrx_word' id='word_1_156' title='bbox 1083 2011 1179 2046; x_wconf 90' lang='lat' dir='ltr'>ora</span> <span class='ocrx_word' id='word_1_157' title='bbox 1218 1992 1410 2060; x_wconf 89' lang='lat' dir='ltr'>decori,</span> 
     </span>
     <span class='ocr_line' id='line_1_26' title="bbox 137 2065 1529 2136; baseline 0 -17"><span class='ocrx_word' id='word_1_158' title='bbox 137 2065 334 2119; x_wconf 90' lang='lat' dir='ltr'>Omnes</span> <span class='ocrx_word' id='word_1_159' title='bbox 374 2069 452 2120; x_wconf 90' lang='lat' dir='ltr'>ire</span> <span class='ocrx_word' id='word_1_160' title='bbox 492 2069 638 2120; x_wconf 90' lang='lat' dir='ltr'>leues</span> <span class='ocrx_word' id='word_1_161' title='bbox 679 2071 840 2136; x_wconf 90' lang='lat' dir='ltr'>atque</span> <span class='ocrx_word' id='word_1_162' title='bbox 882 2085 1069 2119; x_wconf 92' lang='lat' dir='ltr'>omnes</span> <span class='ocrx_word' id='word_1_163' title='bbox 1109 2067 1321 2119; x_wconf 90' lang='lat' dir='ltr'>uincere</span> <span class='ocrx_word' id='word_1_164' title='bbox 1362 2066 1529 2135; x_wconf 87' lang='lat' dir='ltr'>digni.</span> 
     </span>
    </p>

    <p class='ocr_par' dir='ltr' id='par_1_10' title="bbox 209 2139 1663 2210">
     <span class='ocr_line' id='line_1_27' title="bbox 209 2139 1663 2210; baseline 0 -18"><span class='ocrx_word' id='word_1_165' title='bbox 209 2139 440 2210; x_wconf 88' lang='lat' dir='ltr'>Extulit,</span> <span class='ocrx_word' id='word_1_166' title='bbox 471 2141 785 2194; x_wconf 89' lang='lat' dir='ltr'>incumbens</span> <span class='ocrx_word' id='word_1_167' title='bbox 826 2140 1003 2192; x_wconf 89' lang='lat' dir='ltr'>medio</span> <span class='ocrx_word' id='word_1_168' title='bbox 1044 2140 1153 2192; x_wconf 86' lang='lat' dir='ltr'>iam</span> <span class='ocrx_word' id='word_1_169' title='bbox 1193 2139 1378 2207; x_wconf 87' lang='lat' dir='ltr'>limite,</span> <span class='ocrx_word' id='word_1_170' title='bbox 1420 2157 1663 2209; x_wconf 88' lang='lat' dir='ltr'>gressum</span> 
     </span>
    </p>
   </div>
   <div class='ocr_carea' id='block_1_3' title="bbox 136 2310 1826 2998">
    <p class='ocr_par' dir='ltr' id='par_1_11' title="bbox 136 2310 1826 2998">
     <span class='ocr_line' id='line_1_28' title="bbox 255 2310 1825 2357; baseline -0.001 0"><span class='ocrx_word' id='word_1_171' title='bbox 255 2317 341 2357; x_wconf 87' lang='lat'>463</span> <span class='ocrx_word' id='word_1_172' title='bbox 374 2312 619 2356; x_wconf 86' lang='lat' dir='ltr'>discedens</span> <span class='ocrx_word' id='word_1_173' title='bbox 653 2317 713 2355; x_wconf 78' lang='lat'>011</span> <span class='ocrx_word' id='word_1_174' title='bbox 862 2316 949 2357; x_wconf 85' lang='lat'>465</span> <span class='ocrx_word' id='word_1_175' title='bbox 988 2313 1219 2356; x_wconf 88' lang='lat' dir='ltr'>tarcessos</span> <span class='ocrx_word' id='word_1_176' title='bbox 1254 2316 1279 2353; x_wconf 80' lang='grc'>8</span> <span class='ocrx_word' id='word_1_177' title='bbox 1430 2316 1516 2355; x_wconf 88' lang='grc'>467</span> <span class='ocrx_word' id='word_1_178' title='bbox 1556 2310 1722 2355; x_wconf 88' lang='lat' dir='ltr'>inclita</span> <span class='ocrx_word' id='word_1_179' title='bbox 1754 2314 1825 2355; x_wconf 64' lang='lat' dir='ltr'>ov</span> 
     </span>
     <span class='ocr_line' id='line_1_29' title="bbox 136 2370 1820 2427; baseline 0.002 -13"><span class='ocrx_word' id='word_1_180' title='bbox 136 2370 289 2414; x_wconf 86' lang='lat' dir='ltr'>indita</span> <span class='ocrx_word' id='word_1_181' title='bbox 318 2375 386 2412; x_wconf 67' lang='grc' dir='ltr'>ΒΕ·</span> <span class='ocrx_word' id='word_1_182' title='bbox 521 2375 608 2416; x_wconf 90' lang='grc'>468</span> <span class='ocrx_word' id='word_1_183' title='bbox 646 2373 768 2415; x_wconf 82' lang='lat' dir='ltr'>hunc</span> <span class='ocrx_word' id='word_1_184' title='bbox 804 2384 1007 2426; x_wconf 86' lang='lat' dir='ltr'>uersum,</span> <span class='ocrx_word' id='word_1_185' title='bbox 1048 2371 1127 2426; x_wconf 77' lang='lat' dir='ltr'>qui</span> <span class='ocrx_word' id='word_1_186' title='bbox 1158 2371 1311 2415; x_wconf 76' lang='lat' dir='ltr'>deerat</span> <span class='ocrx_word' id='word_1_187' title='bbox 1348 2370 1401 2414; x_wconf 86' lang='lat' dir='ltr'>in</span> <span class='ocrx_word' id='word_1_188' title='bbox 1438 2371 1676 2414; x_wconf 73' lang='lat' dir='ltr'>nonnullis</span> <span class='ocrx_word' id='word_1_189' title='bbox 1707 2372 1820 2427; x_wconf 71' lang='lat' dir='ltr'>edd„</span> 
     </span>
     <span class='ocr_line' id='line_1_30' title="bbox 140 2429 1823 2484; baseline 0 -11"><span class='ocrx_word' id='word_1_190' title='bbox 140 2431 276 2474; x_wconf 84' lang='lat' dir='ltr'>inser.</span> <span class='ocrx_word' id='word_1_191' title='bbox 310 2434 382 2471; x_wconf 78' lang='lat' dir='ltr'>cm</span> <span class='ocrx_word' id='word_1_192' title='bbox 412 2429 503 2484; x_wconf 79' lang='lat' dir='ltr'>Ep.</span> <span class='ocrx_word' id='word_1_193' title='bbox 540 2433 599 2474; x_wconf 88' lang='lat'>55</span> <span class='ocrx_word' id='word_1_194' title='bbox 633 2454 686 2462; x_wconf 93' lang='lat'>—-</span> <span class='ocrx_word' id='word_1_195' title='bbox 719 2429 823 2474; x_wconf 88' lang='lat' dir='ltr'>Nox</span> <span class='ocrx_word' id='word_1_196' title='bbox 854 2433 961 2473; x_wconf 77' lang='lat' dir='ltr'>LFV</span> <span class='ocrx_word' id='word_1_197' title='bbox 1007 2430 1104 2472; x_wconf 89' lang='lat' dir='ltr'>Nos</span> <span class='ocrx_word' id='word_1_198' title='bbox 1138 2432 1168 2470; x_wconf 91' lang='grc'><strong>0</strong></span> <span class='ocrx_word' id='word_1_199' title='bbox 1202 2454 1258 2460; x_wconf 89' lang='grc'>-</span> <span class='ocrx_word' id='word_1_200' title='bbox 1292 2441 1507 2484; x_wconf 87' lang='lat' dir='ltr'>aspersus</span> <span class='ocrx_word' id='word_1_201' title='bbox 1549 2434 1574 2471; x_wconf 85' lang='lat' dir='ltr'>S</span> <span class='ocrx_word' id='word_1_202' title='bbox 1621 2431 1823 2484; x_wconf 90' lang='lat' dir='ltr'>Asperus</span> 
     </span>
     <span class='ocr_line' id='line_1_31' title="bbox 138 2487 1825 2545; baseline 0.002 -15"><span class='ocrx_word' id='word_1_203' title='bbox 138 2493 210 2530; x_wconf 85' lang='lat' dir='ltr'>cm</span> <span class='ocrx_word' id='word_1_204' title='bbox 234 2488 262 2532; x_wconf 80' lang='lat' dir='ltr'>l.</span> <span class='ocrx_word' id='word_1_205' title='bbox 290 2487 319 2531; x_wconf 80' lang='lat' dir='ltr'>l.</span> <span class='ocrx_word' id='word_1_206' title='bbox 425 2491 511 2531; x_wconf 86' lang='grc'>469</span> <span class='ocrx_word' id='word_1_207' title='bbox 544 2488 708 2545; x_wconf 85' lang='lat' dir='ltr'>puero]</span> <span class='ocrx_word' id='word_1_208' title='bbox 743 2487 896 2544; x_wconf 83' lang='lat' dir='ltr'>patrio</span> <span class='ocrx_word' id='word_1_209' title='bbox 929 2488 1154 2532; x_wconf 81' lang='lat' dir='ltr'>Heinsius</span> <span class='ocrx_word' id='word_1_210' title='bbox 1266 2490 1352 2530; x_wconf 92' lang='grc'>470</span> <span class='ocrx_word' id='word_1_211' title='bbox 1385 2500 1530 2542; x_wconf 87' lang='lat' dir='ltr'>paruo</span> <span class='ocrx_word' id='word_1_212' title='bbox 1564 2488 1825 2533; x_wconf 83' lang='lat' dir='ltr'>certamina</span> 
     </span>
     <span class='ocr_line' id='line_1_32' title="bbox 138 2545 1822 2603; baseline 0.001 -14"><span class='ocrx_word' id='word_1_213' title='bbox 138 2547 263 2590; x_wconf 81' lang='lat' dir='ltr'>cml.</span> <span class='ocrx_word' id='word_1_214' title='bbox 290 2546 317 2590; x_wconf 83' lang='lat' dir='ltr'>l.</span> <span class='ocrx_word' id='word_1_215' title='bbox 349 2547 485 2601; x_wconf 85' lang='lat' dir='ltr'>parto</span> <span class='ocrx_word' id='word_1_216' title='bbox 519 2548 772 2591; x_wconf 89' lang='lat' dir='ltr'>certamine</span> <span class='ocrx_word' id='word_1_217' title='bbox 798 2552 824 2589; x_wconf 77' lang='lat' dir='ltr'>S</span> <span class='ocrx_word' id='word_1_218' title='bbox 867 2559 1006 2603; x_wconf 87' lang='lat' dir='ltr'>parce</span> <span class='ocrx_word' id='word_1_219' title='bbox 1039 2545 1295 2590; x_wconf 85' lang='lat' dir='ltr'>certamina</span> <span class='ocrx_word' id='word_1_220' title='bbox 1318 2545 1508 2590; x_wconf 77' lang='lat' dir='ltr'>Medius</span> <span class='ocrx_word' id='word_1_221' title='bbox 1552 2559 1693 2602; x_wconf 87' lang='lat' dir='ltr'>parco</span> <span class='ocrx_word' id='word_1_222' title='bbox 1727 2561 1822 2591; x_wconf 88' lang='lat' dir='ltr'>cer-</span> 
     </span>
     <span class='ocr_line' id='line_1_33' title="bbox 137 2603 1824 2662; baseline 0.002 -15"><span class='ocrx_word' id='word_1_223' title='bbox 137 2604 315 2648; x_wconf 88' lang='lat' dir='ltr'>tamine</span> <span class='ocrx_word' id='word_1_224' title='bbox 372 2605 535 2662; x_wconf 73' lang='lat' dir='ltr'>uulyo,</span> <span class='ocrx_word' id='word_1_225' title='bbox 589 2606 708 2661; x_wconf 77' lang='lat' dir='ltr'>quod</span> <span class='ocrx_word' id='word_1_226' title='bbox 755 2606 884 2661; x_wconf 76' lang='lat' dir='ltr'>prob.</span> <span class='ocrx_word' id='word_1_227' title='bbox 935 2604 1086 2648; x_wconf 82' lang='lat' dir='ltr'>Barth</span> <span class='ocrx_word' id='word_1_228' title='bbox 1133 2630 1187 2636; x_wconf 90' lang='lat'>—</span> <span class='ocrx_word' id='word_1_229' title='bbox 1237 2603 1519 2661; x_wconf 87' lang='lat' dir='ltr'>certamina]</span> <span class='ocrx_word' id='word_1_230' title='bbox 1575 2605 1824 2650; x_wconf 85' lang='lat' dir='ltr'>conamina</span> 
     </span>
     <span class='ocr_line' id='line_1_34' title="bbox 139 2661 1822 2719; baseline 0 -11"><span class='ocrx_word' id='word_1_231' title='bbox 139 2663 366 2708; x_wconf 80' lang='lat' dir='ltr'>Schrader</span> <span class='ocrx_word' id='word_1_232' title='bbox 470 2667 554 2707; x_wconf 90' lang='grc'>471</span> <span class='ocrx_word' id='word_1_233' title='bbox 588 2662 783 2719; x_wconf 88' lang='lat' dir='ltr'>uulgore</span> <span class='ocrx_word' id='word_1_234' title='bbox 818 2667 844 2705; x_wconf 77' lang='grc' dir='ltr'><strong>Β</strong></span> <span class='ocrx_word' id='word_1_235' title='bbox 950 2667 1036 2707; x_wconf 87' lang='grc'>473</span> <span class='ocrx_word' id='word_1_236' title='bbox 1069 2661 1258 2706; x_wconf 70' lang='lat' dir='ltr'>Eur-itus</span> <span class='ocrx_word' id='word_1_237' title='bbox 1293 2667 1318 2704; x_wconf 76' lang='lat' dir='ltr'>s</span> <span class='ocrx_word' id='word_1_238' title='bbox 1418 2667 1506 2707; x_wconf 83' lang='lat'>474</span> <span class='ocrx_word' id='word_1_239' title='bbox 1539 2662 1756 2707; x_wconf 89' lang='lat' dir='ltr'>Saecabis</span> <span class='ocrx_word' id='word_1_240' title='bbox 1791 2669 1822 2708; x_wconf 89' lang='lat'>0</span> 
     </span>
     <span class='ocr_line' id='line_1_35' title="bbox 139 2720 1822 2778; baseline 0.002 -14"><span class='ocrx_word' id='word_1_241' title='bbox 139 2747 200 2755; x_wconf 92' lang='lat'><strong>—</strong></span> <span class='ocrx_word' id='word_1_242' title='bbox 232 2722 371 2776; x_wconf 84' lang='lat' dir='ltr'>atque</span> <span class='ocrx_word' id='word_1_243' title='bbox 403 2734 486 2765; x_wconf 85' lang='lat' dir='ltr'>om.</span> <span class='ocrx_word' id='word_1_244' title='bbox 521 2725 552 2763; x_wconf 92' lang='grc'><strong>0</strong></span> <span class='ocrx_word' id='word_1_245' title='bbox 715 2726 800 2766; x_wconf 86' lang='grc'>475</span> <span class='ocrx_word' id='word_1_246' title='bbox 832 2721 984 2765; x_wconf 88' lang='lat' dir='ltr'>lamus</span> <span class='ocrx_word' id='word_1_247' title='bbox 1017 2726 1050 2763; x_wconf 77' lang='lat' dir='ltr'>F</span> <span class='ocrx_word' id='word_1_248' title='bbox 1097 2720 1246 2765; x_wconf 77' lang='lat' dir='ltr'>lanius</span> <span class='ocrx_word' id='word_1_249' title='bbox 1279 2725 1344 2763; x_wconf 87' lang='lat' dir='ltr'>Lo</span> <span class='ocrx_word' id='word_1_250' title='bbox 1393 2721 1528 2764; x_wconf 87' lang='lat' dir='ltr'>lanus</span> <span class='ocrx_word' id='word_1_251' title='bbox 1563 2725 1669 2778; x_wconf 90' lang='lat' dir='ltr'>(nus</span> <span class='ocrx_word' id='word_1_252' title='bbox 1700 2738 1755 2767; x_wconf 88' lang='lat' dir='ltr'>m.</span> <span class='ocrx_word' id='word_1_253' title='bbox 1790 2728 1822 2769; x_wconf 81' lang='lat'><strong><em>2</em></strong></span> 
     </span>
     <span class='ocr_line' id='line_1_36' title="bbox 138 2779 1823 2836; baseline 0.001 -12"><span class='ocrx_word' id='word_1_254' title='bbox 138 2782 192 2824; x_wconf 84' lang='lat' dir='ltr'>in</span> <span class='ocrx_word' id='word_1_255' title='bbox 223 2781 412 2834; x_wconf 84' lang='lat' dir='ltr'>lacuna)</span> <span class='ocrx_word' id='word_1_256' title='bbox 446 2783 482 2821; x_wconf 82' lang='lat' dir='ltr'><strong>V</strong></span> <span class='ocrx_word' id='word_1_257' title='bbox 643 2784 730 2825; x_wconf 88' lang='grc'>480</span> <span class='ocrx_word' id='word_1_258' title='bbox 768 2781 909 2825; x_wconf 87' lang='lat' dir='ltr'>tubae</span> <span class='ocrx_word' id='word_1_259' title='bbox 952 2780 1134 2836; x_wconf 89' lang='lat' dir='ltr'>signum</span> <span class='ocrx_word' id='word_1_260' title='bbox 1175 2780 1249 2823; x_wconf 84' lang='lat' dir='ltr'>uel</span> <span class='ocrx_word' id='word_1_261' title='bbox 1287 2782 1321 2825; x_wconf 87' lang='lat' dir='ltr'>t.</span> <span class='ocrx_word' id='word_1_262' title='bbox 1355 2779 1557 2823; x_wconf 86' lang='lat' dir='ltr'>sonitum</span> <span class='ocrx_word' id='word_1_263' title='bbox 1597 2781 1823 2827; x_wconf 78' lang='lat' dir='ltr'>Schrader</span> 
     </span>
     <span class='ocr_line' id='line_1_37' title="bbox 142 2836 1821 2895; baseline 0.001 -13"><span class='ocrx_word' id='word_1_264' title='bbox 142 2843 228 2883; x_wconf 90' lang='grc'>483</span> <span class='ocrx_word' id='word_1_265' title='bbox 253 2836 521 2895; x_wconf 89' lang='lat' dir='ltr'>Unguibus]</span> <span class='ocrx_word' id='word_1_266' title='bbox 547 2838 748 2883; x_wconf 88' lang='lat' dir='ltr'>Uocibus</span> <span class='ocrx_word' id='word_1_267' title='bbox 767 2839 992 2883; x_wconf 82' lang='lat' dir='ltr'>Heinsius</span> <span class='ocrx_word' id='word_1_268' title='bbox 1024 2838 1223 2882; x_wconf 87' lang='lat' dir='ltr'>Auribus</span> <span class='ocrx_word' id='word_1_269' title='bbox 1242 2838 1488 2882; x_wconf 87' lang='lat' dir='ltr'>Liuineius</span> <span class='ocrx_word' id='word_1_270' title='bbox 1502 2863 1559 2871; x_wconf 91' lang='lat'><strong>—</strong></span> <span class='ocrx_word' id='word_1_271' title='bbox 1580 2839 1738 2884; x_wconf 86' lang='lat' dir='ltr'>haneli</span> <span class='ocrx_word' id='word_1_272' title='bbox 1753 2845 1821 2883; x_wconf 75' lang='grc' dir='ltr'>ΕΟ</span> 
     </span>
     <span class='ocr_line' id='line_1_38' title="bbox 137 2896 1826 2998; baseline 0.002 -59"><span class='ocrx_word' id='word_1_273' title='bbox 137 2901 232 2998; x_wconf 57' lang='grc' dir='ltr'>ΐ4814</span> <span class='ocrx_word' id='word_1_274' title='bbox 263 2896 470 2954; x_wconf 87' lang='lat' dir='ltr'>inclitus]</span> <span class='ocrx_word' id='word_1_275' title='bbox 505 2896 676 2940; x_wconf 82' lang='lat' dir='ltr'>incitus</span> <span class='ocrx_word' id='word_1_276' title='bbox 702 2897 927 2942; x_wconf 80' lang='lat' dir='ltr'>Heinsius</span> <span class='ocrx_word' id='word_1_277' title='bbox 988 2901 1073 2941; x_wconf 89' lang='grc'>486</span> <span class='ocrx_word' id='word_1_278' title='bbox 1105 2896 1409 2952; x_wconf 69' lang='lat' dir='ltr'>florentisque</span> <span class='ocrx_word' id='word_1_279' title='bbox 1432 2897 1577 2943; x_wconf 81' lang='lat' dir='ltr'>Bothe</span> <span class='ocrx_word' id='word_1_280' title='bbox 1645 2903 1732 2943; x_wconf 88' lang='grc'>488</span> <span class='ocrx_word' id='word_1_281' title='bbox 1764 2899 1826 2942; x_wconf 89' lang='lat' dir='ltr'>Et</span> 
     </span>
     <span class='ocr_line' id='line_1_39' title="bbox 162 2955 307 2998; baseline 0 0"><span class='ocrx_word' id='word_1_282' title='bbox 162 2969 189 2998; x_wconf 91' lang='lat' dir='ltr'>u</span> <span class='ocrx_word' id='word_1_283' title='bbox 213 2955 249 2998; x_wconf 87' lang='lat' dir='ltr'>it</span> <span class='ocrx_word' id='word_1_284' title='bbox 281 2961 307 2998; x_wconf 80' lang='grc'>8</span> 
     </span>
    </p>
   </div>
  </div>
 </body>
</html>
