1988 3190
618 101 976 149 PUNICORUM
1006 101 1188 145 LIBER
1220 100 1318 147 XV.
1715 98 1820 151 125

128 239 392 293 Immittit
429 239 583 292 miles
623 239 835 292 castris
895 255 1006 291 non
1043 237 1175 290 urbe
1215 239 1435 306 recepta

127 312 256 367 Plus
295 314 407 366 ulla
445 316 662 382 partum
701 312 934 382 praedae
972 312 1250 380 tenuitque
1291 313 1532 364 moratas

129 386 181 439 A
219 386 395 455 caede,
433 390 495 440 ut
533 387 769 456 Libycus
809 386 1000 439 ductor
1038 385 1367 454 prouideiffat
1405 384 1529 438 iras,

126 459 398 514 Fluminei
434 461 606 514 ueluti
645 460 940 531 deprensus
982 459 1216 530 gurgitis
1256 458 1429 527 undiS‚
1733 470 1821 511 485

130 534 340 588 Auulsa
378 538 533 604 parte
571 534 885 605 inguinibus
925 551 1193 603 causaque
1232 501 1439 602 pericli,

132 607 340 661 Enatat
378 608 589 662 intento
629 609 859 678 praedae
899 608 1037 660 fiber
1077 608 1229 660 auius
1270 606 1442 660 hoste.

132 681 376 753 Impiger
415 682 641 736 occultis
683 683 893 736 Poenus
934 684 1226 752 postquam
1267 681 1482 734 abditur
1520 679 1746 749 umbris,

128 753 363 809 Saxosae
402 756 571 809 fidens
611 756 796 826 siluae,
836 756 1045 809 maiora
1083 757 1341 825 petuntur

129 828 339 883 Rursus
377 831 524 883 bella
561 835 707 883 retro
748 834 803 883 et
843 830 1084 899 superari
1123 829 1321 882 certior
1359 828 1552 881 hostis,
1733 840 1820 881 490

131 902 367 972 Pyrenes
406 904 620 957 tumulo
661 905 893 974 clipeum
932 922 1054 957 cum
1087 903 1323 956 carmine
1355 903 1552 972 figunt:

129 991 536 1032 HASDRUBALIS
578 992 829 1032 SPOLIUM
869 992 1133 1031 GRADIUO
1174 991 1362 1030 SCIPIO
1401 990 1635 1029 UICTOR.

205 1050 433 1105 Terrore
472 1053 679 1105 interea
717 1052 896 1122 posito
936 1055 1087 1104 trans
1129 1052 1296 1104 ardua
1344 1051 1545 1103 montis

131 1123 401 1194 Bebrycia
439 1126 669 1196 populos
711 1127 962 1179 armabat
999 1125 1215 1179 Poenus
1255 1125 1313 1177 in
1352 1125 1493 1193 aula,

130 1197 406 1252 Mercandi
445 1200 661 1253 dextras
701 1201 884 1270 largus
924 1199 1174 1269 belloque
1213 1202 1407 1267 parata
1735 1209 1822 1251 495

131 1270 425 1343 Prodigere
464 1274 522 1327 in
559 1274 766 1327 bellum
805 1273 999 1326 facilis.
1061 1273 1364 1343 praemissa
1401 1272 1596 1325 ferocis

134 1344 428 1415 Augebant
468 1348 678 1401 animos
720 1347 935 1417 argenti
974 1346 1213 1416 pondera
1253 1349 1308 1399 et
1348 1346 1481 1415 auri,

133 1417 300 1472 Parta
339 1421 675 1474 metalliferis
715 1423 880 1492 longo
924 1421 1235 1473 discrimine
1274 1420 1453 1473 terris.

131 1491 274 1547 Hinc
312 1512 456 1547 noua
495 1496 832 1564 complerunt
870 1494 1017 1548 haud
1054 1494 1212 1547 tardo
1254 1494 1429 1546 milite
1469 1496 1649 1547 castra

132 1565 370 1620 Uenales
413 1568 638 1638 animae,
679 1568 930 1622 Rhodani
971 1568 1062 1638 qui
1100 1568 1315 1651 gurgite
1357 1567 1610 1637 gaudent,
1733 1579 1820 1620 500

133 1638 374 1702 Quorum
415 1643 587 1712 serpit
625 1611 767 1695 'Arar
806 1661 903 1712 per
942 1660 1070 1695 rura
1107 1641 1436 1712 pigerrimus
1476 1641 1667 1695 undae.

131 1713 372 1784 Iamque,
410 1715 587 1768 hieme
628 1716 835 1785 affecta,
872 1716 1152 1769 mitescere
1193 1718 1447 1785 coeperat
1486 1733 1673 1768 annus,

134 1786 282 1857 Inde,
320 1789 425 1842 iter
464 1790 772 1858 ingrediens
812 1790 1061 1860 rapidum
1099 1808 1195 1873 per
1235 1787 1441 1842 Celtica
1479 1808 1622 1859 rura,

137 1860 365 1916 Miratur
404 1863 637 1917 domitas
681 1864 834 1934 Alpis
875 1883 937 1917 ac
976 1864 1163 1933 peruia
1201 1863 1404 1917 montis

132 1933 319 1989 Ardua
358 1940 412 1990 et
451 1936 746 1991 Herculeae
787 1939 999 2007 quaerit
1037 1937 1270 2007 uestigia
1307 1938 1528 2007 plantae
1733 1950 1818 1990 505

134 2007 496 2080 Germanique
536 2011 652 2064 uias
693 2012 890 2064 diuinis
931 2017 1211 2080 comparat
1250 2011 1411 2065 ausis.

207 2082 283 2137 Ut
322 2103 451 2137 uero
493 2088 716 2138 uentum
754 2085 811 2137 in
851 2085 1077 2153 culmen,
1116 2084 1417 2153 castrisque
1456 2084 1659 2137 resedit

133 2155 480 2211 Hannibalis:
536 2157 709 2221 ‘Quos
750 2127 1279 2227 Roma‚'i1iquit,
1292 2176 1426 2226 quos
1476 2158 1662 2226 altius,
1711 2175 1822 2225 010,

133 2228 360 2283 Attollit
398 2250 599 2301 murOS,
639 2233 731 2301 qui
769 2235 895 2300 post
933 2233 1066 2285 haec
1105 2233 1320 2284 moenia
1357 2232 1515 2284 fratri

136 2302 301 2356 Uicta
340 2323 460 2358 meo
501 2308 650 2358 stent
688 2306 1022 2359 incolumes?
1064 2306 1135 2358 sit
1174 2305 1347 2373 gloria
1386 2306 1604 2357 dextrae
1735 2318 1820 2358 510

135 2375 286 2428 Felix
325 2380 479 2430 tanta
516 2397 731 2448 precor3
769 2397 904 2431 neue
944 2397 1112 2447 usque
1153 2379 1219 2430 ad
1261 2379 1436 2431 sidera
1475 2378 1651 2430 adisse

138 2449 389 2503 Inuideat
428 2451 614 2504 laeuus
653 2452 811 2504 nobis
854 2451 1019 2505 deus.'
1083 2451 1316 2522 Agmine
1357 2452 1501 2505 celso

132 2523 264 2575 Inde
304 2525 492 2593 alacer,
532 2543 637 2593 qua
676 2525 943 2577 munitum
984 2525 1206 2578 decliuis
1248 2525 1316 2577 ab
1358 2526 1466 2577 alto

251 2672 340 2712 484
373 2667 555 2712 Accede
588 2673 657 2711 ov
682 2695 738 2701 —
766 2668 1026 2725 prouiderit
1057 2673 1116 2711 oh
1234 2674 1322 2713 488
1354 2668 1543 2713 abditur
1574 2669 1821 2714 Liuineius

133 2726 323 2771 additur
357 2732 383 2769 S
458 2732 546 2772 490
576 2728 722 2786 retro]
756 2728 855 2772 uiro
887 2727 1112 2773 Schrader
1194 2731 1280 2772 498
1313 2728 1456 2771 Parta
1481 2732 1551 2771 ov
1581 2727 1725 2773 Parca
1749 2733 1817 2771 Π·

135 2791 221 2851 499
253 2785 374 2829 Huic
405 2791 437 2828 Ι,
530 2791 615 2830 500
646 2788 811 2852 rodani
840 2791 874 2828 Ε·
917 2786 1099 2831 rhodan
1128 2791 1161 2828 1.
1200 2786 1348 2830 rodan
1381 2791 1450 2829 ΟΥ
1535 2791 1621 2833 508
1654 2787 1816 2844 altius]

137 2843 263 2889 acius
305 2850 352 2901 S,
393 2845 514 2889 unde
544 2846 650 2898 fort.
691 2844 844 2911 acrius
875 2845 1163 2891 scribendum
1188 2871 1242 2879 —
1269 2859 1359 2901 quo
1384 2847 1436 2890 R.
1462 2844 1494 2891 i.
1520 2860 1611 2903 quo
1649 2847 1818 2891 celsius

138 2903 276 2948 Blass
396 2909 479 2948 511
513 2916 605 2947 neu
636 2903 879 2960 quisquam
911 2904 1135 2949 Heinsius
1254 2908 1339 2948 512
1372 2905 1485 2949 deus
1517 2918 1599 2950 om.
1634 2910 1664 2948 0
