2028 3190
528 100 913 149 ARGUMENTA
942 99 1273 148 LIBRORUM.
1646 103 1752 157 189

52 236 254 283 consilio
291 235 606 282 Hannibalem
644 234 768 280 inter
811 248 975 280 cenam
1013 233 1212 279 necandi
1251 249 1279 279 a
1318 237 1451 293 patre
1493 236 1754 281 deterretur

59 301 227 354 (303—
239 298 361 353 368).
402 323 457 330 —
498 294 639 352 Mago
685 295 876 339 nuntius
916 294 1143 339 uictoriae
1182 292 1516 352 Carthaginem
1546 294 1754 341 mittitur

60 361 218 424 369-
227 359 326 401 376.
390 354 679 399 Hannibal
724 353 950 411 Capuae
998 353 1290 398 hibernat·
1345 355 1503 399 Uenus
1547 355 1752 400 militum

57 415 239 460 animos
292 413 552 470 effeminat3
614 413 716 470 ipse
778 415 872 458 dux
925 412 1227 457 Teuthrantis
1290 413 1431 458 cantu
1493 414 1753 459 delectatur

56 479 211 520 377-
221 478 322 519 482.
385 475 570 518 Interea
600 473 741 530 Mago
779 471 830 516 in
871 471 1324 529 Carthaginiensium
1367 474 1534 517 senatu
1578 487 1652 518 res
1691 474 1751 518 ab

57 532 320 578 Hannibale
358 535 515 590 gestas
557 489 747 577 enarr-gat
784 533 833 577 et
870 532 1151 576 Hannonem
1196 531 1499 577 uehementer
1538 531 1754 590 increpat

52 595 208 637 483-
222 596 330 648 5533
378 592 439 637 ad
484 605 603 648 quae
648 605 752 649 resp
758 591 933 636 ondens
972 591 1161 647 Hanno,
1208 604 1301 647 pax
1338 593 1392 635 ut
1435 592 1540 646 fiat,
1587 592 1753 637 suadet

54 655 339 755 5254—338.
351 651 451 755 esp?
487 650 697 696 subsidia
734 650 985 695 mittuntur
1024 651 1073 695 et
1103 651 1152 694 in
1183 649 1463 722 Hispaniam
1499 652 1548 695 et
1578 649 1628 695 in
1657 650 1751 696 Ita-

74 725 169 755 iam

174 785 336 827 Liber
357 787 483 828 XII.
541 783 779 829 Hannibal
811 783 971 841 Capua
1002 783 1165 828 castris
1199 783 1338 828 motis
1362 784 1590 829 militibus
1620 799 1749 842 pror-

55 857 135 888 sus
167 843 449 888 effeminatis
487 844 661 889 frustra
697 842 1003 899 Neapolim
1038 844 1274 900 (27—59),
1314 842 1482 888 deinde
1524 843 1752 900 Cumas,

55 915 173 958 quas
198 901 269 948 Ti.
289 902 588 960 Sempronius
620 902 857 947 Gracchus
889 902 1098 947 defendit
1121 903 1382 959 (eo—103),
1411 904 1513 947 tum
1544 903 1720 948 Puteo
1738 929 1755 936 -

57 963 143 1006 los
190 963 452 1019 oppugnat3
515 962 639 1006 inter
691 975 808 1018 quae
863 962 968 1007 loca
1020 961 1168 1016 clara,
1222 961 1363 1006 Baias
1418 962 1606 1018 aliaque
1653 962 1755 1007 adit

60 1025 308 1067 103-157,
369 1022 468 1065 Iam
500 1020 672 1065 Nolam
710 1021 947 1078 profectus
979 1034 1169 1078 pugna
1209 1021 1430 1064 Nolana
1469 1034 1497 1064 a
1528 1021 1753 1067 Marcello

58 1078 265 1124 uincitur
299 1084 546 1126 158—294.
609 1079 927 1124 Romanorum
966 1093 1073 1136 spes
1113 1078 1329 1135 erigitur,
1375 1084 1533 1124 erecta
1565 1081 1753 1126 oraculo

58 1137 287 1194 Delphico
328 1139 627 1184 confirmatur
666 1142 808 1183 295-
815 1143 916 1184 341.
958 1164 1014 1171 —
1061 1151 1136 1182 res
1174 1139 1224 1182 in
1264 1138 1531 1183 Sardinia
1568 1141 1752 1195 gestae.

59 1195 139 1242 Μ’.
170 1197 433 1254 Torquatus
464 1198 840 1256 Hampsagoram
879 1197 1050 1252 uincit3
1089 1197 1228 1241 Ennii
1269 1197 1371 1242 laus
1411 1202 1754 1243 342—419.—

56 1256 294 1301 Hannibal
335 1257 566 1301 Acerris
613 1257 974 1312 Nuceriaque
1019 1257 1220 1301 incensis
1259 1255 1574 1301 Casilinum
1617 1256 1753 1314 petit,

57 1316 342 1361 Petelium
381 1316 482 1361 solo
523 1319 693 1372 aequat
724 1321 974 1362 420—433.
1028 1314 1137 1359 inde
1171 1315 1475 1360 Tarentum
1515 1320 1753 1374 expugnat

57 1375 244 1432 praeter
283 1388 438 1419 arcem
475 1379 626 1419 434——
638 1380 740 1420 448.
818 1374 936 1418 Tum
975 1374 1071 1431 Cap
1074 1387 1162 1418 uae
1202 1388 1231 1418 a
1270 1373 1493 1419 Romanis
1537 1376 1754 1421 obsessae

62 1433 239 1478 auxilio
269 1432 422 1489 uenit3
454 1434 504 1478 in
534 1433 779 1478 itinereM.
798 1432 1074 1479 Centenium
1098 1432 1317 1478 Penulam
1353 1437 1402 1478 et
1427 1434 1507 1478 Cn.
1532 1433 1752 1479 Fuluium

61 1492 232 1548 uincit,
272 1491 343 1538 Ti
386 1491 652 1550 Sempronii
690 1491 890 1538 Gracchi
933 1493 983 1537 in
1012 1491 1197 1537 insidiis
1234 1492 1471 1538 interfecti
1513 1493 1755 1549 exsequias

61 1551 270 1596 celebrat
298 1555 452 1596 449—
464 1555 564 1596 478.
621 1566 727 1596 cum
767 1553 828 1596 ad
868 1550 1074 1609 Capuam
1113 1564 1413 1609 perrumpere
1452 1566 1546 1597 non
1583 1554 1755 1611 posset,

58 1609 286 1656 Romam
332 1610 455 1668 petit
491 1615 645 1655 479-
656 1616 756 1657 540.
827 1611 1142 1655 Romanorum
1187 1611 1440 1668 trepidatio
1488 1615 1639 1655 541—
1651 1614 1751 1657 557.

61 1669 250 1737 moenia
282 1670 515 1726 situmque
538 1671 665 1715 urbis
696 1672 912 1728 contemp
915 1669 1037 1715 latus
1061 1669 1299 1714 Hannibal
1331 1683 1360 1714 a
1382 1670 1547 1714 Fuluio
1572 1669 1754 1727 Flacco,

65 1728 148 1784 qui
186 1743 242 1773 ex
281 1727 540 1785 Campania
579 1686 912 1785 aduolaueratp
946 1729 996 1773 in
1034 1729 1189 1773 castra
1227 1728 1456 1786 redigitur
1489 1733 1640 1774 558—
1654 1735 1754 1775 573.

65 1765 1230 1905 5111112115ῗρῇἳὲἓξθέοξὲἓῗῗΘοέἓξξῖᾇῗέῗῗ
1253 1788 1757 1893 issfflssuiosslss‘iffist

65 1905 312 1963 repellitur
342 1909 590 1953 668—730.
652 1906 968 1952 Romanorum
998 1905 1225 1963 gaudium
1259 1910 1506 1952 731-752.

181 1995 347 2038 Liber
376 1996 528 2039 XIII.
590 1994 827 2039 Hannibal
857 1996 917 2039 ad
948 1994 1134 2040 Tutiam
1169 1995 1363 2039 fluuium
1397 1995 1564 2040 castris
1595 1995 1755 2041 relatis

66 2054 218 2098 denuo
258 2053 458 2098 Romam
496 2055 657 2111 petere
696 2057 854 2111 parat,
895 2054 977 2098 sed
1023 2068 1052 2098 a
1091 2054 1232 2098 Dasio
1272 2055 1476 2110 quodam
1513 2053 1758 2111 transfuga

67 2113 260 2157 edoctus
296 2113 459 2157 urbem
498 2114 689 2170 propter
729 2112 994 2156 Palladium
1032 2112 1148 2169 (eius
1187 2113 1387 2158 historia
1419 2115 1619 2170 35—81)
1662 2127 1758 2158 non

65 2183 202 2229 posse
234 2172 504 2228 expugnari,
535 2170 761 2216 Feroniae
792 2172 971 2228 templo
1003 2171 1157 2216 diruto
1192 2172 1242 2215 in
1272 2172 1478 2217 Bruttios
1511 2186 1559 2216 se
1589 2171 1758 2228 recipit

70 2234 227 2274 1-93.
290 2229 480 2286 Capua
510 2243 538 2273 a
570 2231 791 2275 Romanis
832 2232 1189 2286 expugnatur
1228 2235 1448 2276 94—380.
1480 2256 1539 2279 -,
1579 2230 1665 2275 Cn.
1700 2232 1758 2274 et

1783 797 1815 821 a.
1834 788 1909 821 215.

1783 1329 1814 1354 a.
1834 1322 1910 1354 212.

1786 1629 1818 1652 a.
1834 1619 1911 1652 211.

68 2288 118 2332 P.
152 2287 454 2344 Scipiones
493 2290 541 2332 in
573 2289 802 2357 Hispania
833 2290 1006 2334 cadunt
1036 2293 1175 2333 381—
1185 2293 1287 2333 384.
1356 2289 1520 2333 nuntio
1554 2289 1654 2333 eius
1685 2288 1754 2333 rei
1779 2298 1825 2338 (a.
1844 2295 1923 2339 212)

68 2347 215 2392 allato
250 2346 405 2403 Scipio
444 2346 626 2391 iuuenis
670 2346 843 2392 inferos
875 2347 1003 2391 adire
1033 2348 1083 2391 in
1115 2347 1322 2391 animum
1351 2346 1553 2403 inducit,
1592 2349 1645 2391 ut
1687 2347 1758 2392 ibi

68 2406 217 2464 patris
250 2404 497 2462 patruique
529 2407 716 2451 umbras
748 2405 910 2451 uideat
939 2410 1079 2450 385-
1090 2411 1188 2452 396.
1238 2405 1393 2473 Scipio
1427 2408 1553 2464 apud
1582 2406 1755 2451 inferos

68 2466 257 2510 umbras
289 2463 650 2509 clarissimorum
681 2464 888 2510 uirorum
928 2467 975 2509 et
1004 2464 1281 2509 feminarum
1317 2464 1464 2510 uidet.
1518 2466 1756 2523 postremo

71 2523 181 2580 Siby
183 2523 249 2566 lla
280 2523 324 2567 ei
353 2523 522 2568 ultima
546 2523 823 2569 Hannibalis
855 2523 955 2569 fata
984 2523 1214 2581 praedicit
1238 2529 1489 2570 397-893.
1543 2526 1644 2569 tum
1674 2523 1756 2568 ille

69 2583 129 2627 ad
161 2596 266 2626 suos
298 2582 419 2626 redit
449 2586 591 2626 894—
599 2587 698 2627 895.

189 2658 350 2699 Liber
371 2658 514 2700 XIV.
577 2656 668 2701 Res
698 2656 755 2700 in
788 2656 993 2701 Sicilia
1025 2670 1053 2699 a
1085 2656 1308 2701 Marcello
1340 2657 1524 2714 gestae·
1570 2656 1851 2714 insulae(215-
1855 2673 1935 2713 212)

71 2713 324 2771 descriptio
352 2719 432 2757 1—
441 2718 509 2760 78.
562 2715 675 2760 belli
702 2729 843 2760 causa
867 2717 915 2760 et
939 2716 1088 2771 orig03
1121 2715 1323 2759 Hierone
1348 2716 1531 2760 mortuo
1562 2730 1758 2773 regnum

73 2772 136 2816 ad
174 2773 506 2831 Hieronymum
546 2775 824 2830 peruenerat
857 2780 976 2819 79-
989 2779 1065 2828 953
1106 2788 1159 2819 eo
1200 2775 1446 2819 interfecto
1484 2789 1592 2831 pars
1629 2774 1758 2820 Sicu-

75 2830 223 2876 lorum
258 2832 458 2888 Poenis,¹
482 2845 590 2890 pars
631 2833 853 2878 Romanis
890 2833 1081 2878 fauebat
1121 2838 1233 2878 96——
1242 2839 1339 2879 109
1400 2833 1498 2878 lam
1537 2833 1604 2879 Cl.
1635 2835 1758 2878 Mar-

77 2890 221 2935 cellus
259 2891 436 2936 bellum
465 2892 605 2948 parat
645 2896 785 2937 110—
795 2897 892 2938 124.
946 2892 1196 2937 Leontinos
1242 2893 1479 2950 expugnat
1512 2898 1756 2939 125-177.
