1988 3190
175 106 280 159 146
846 102 955 149 SILI
986 102 1209 149 ITALICI

170 241 516 310 Uictimaque
556 239 806 293 admotae
848 238 1035 293 stabat
1074 238 1316 292 subiecta
1353 237 1591 308 bipenni,

173 315 310 369 Cum
349 316 529 368 subito
571 314 818 382 abruptis
857 312 1070 383 fugiens
1111 311 1307 366 altaria
1345 314 1536 364 taurus

173 389 388 443 Exiluit
427 387 623 442 uinclis
664 387 982 457 mugituque
1024 387 1198 440 excita
1235 386 1345 439 late
1777 397 1866 439 265

172 462 434 533 Impleuit
471 465 617 515 tecta
656 464 726 530 et,
764 460 985 514 fremitu
1026 459 1260 530 suspiria
1298 476 1463 513 rauco

173 536 591 608 CongeminanS,
629 534 843 604 trepida
880 538 1142 587 terrorem
1182 533 1382 603 sparsit
1419 532 1475 585 in
1516 532 1652 586 aula.

172 610 448 680 Uittaque,
487 610 754 662 maiorum
794 609 1128 676 decoramen,
1165 607 1346 662 fronte
1386 607 1500 659 sine
1539 606 1653 660 ullo

174 685 411 755 Delapsa
450 687 675 753 attactu,
712 681 939 736 nudauit
977 685 1226 752 tempora
1263 680 1424 752 regis⁸

172 759 330 812 Talia
369 757 654 812 caelicolae
693 774 885 810 casuro
924 755 1106 808 tristia
1143 772 1312 825 regno
1777 752 1864 807 276

163 832 340 904 Signa
380 832 598 901 dabant,
639 831 890 899 saeuique
930 829 1155 883 aderant
1195 829 1385 898 grauia
1425 827 1608 881 omina
1645 827 1763 881 fati.

172 907 332 960 Hunc
369 905 606 960 fractum
643 905 790 958 bello
830 920 1013 973 regem
1054 904 1299 974 solioque
1337 901 1633 971 reuulsum,

172 980 410 1049 Tempus
451 980 568 1049 erit,
607 997 728 1032 cum
767 979 925 1031 ducet
965 995 1131 1048 agens
1174 977 1242 1030 ad
1280 976 1485 1046 templa
1523 974 1805 1046 TonantiS,

174 1053 277 1117 Qui
315 1057 444 1107 tunc
484 1053 676 1106 orabat
714 1052 936 1106 socialia
973 1051 1194 1104 foedera
1233 1051 1475 1120 supplex.

173 1128 276 1181 His
318 1128 453 1181 actis
492 1126 690 1195 repetit
729 1129 949 1195 portum
988 1142 1300 1196 puppesque
1340 1121 1571 1176 secundo
1778 1135 1864 1176 275

173 1202 286 1255 Dat
325 1204 489 1254 uento
531 1204 585 1253 et
622 1199 768 1253 notis
807 1198 984 1252 reddit
1024 1217 1078 1251 se
1112 1197 1294 1268 Scipio
1334 1196 1508 1250 terris.

250 1274 578 1329 Concurrere
618 1273 808 1326 auidae
848 1275 1054 1343 genteS,
1091 1272 1379 1341 uariosque
1419 1270 1645 1323 subacta

173 1349 383 1419 Pyrene
423 1348 574 1401 misit
610 1348 860 1417 populos,
922 1364 1074 1399 mens
1116 1345 1367 1399 omnibus
1407 1361 1539 1414 una3

174 1421 479 1477 Concordes
516 1438 700 1491 regem
743 1420 1024 1490 appellant
1061 1437 1350 1489 regemque
1391 1418 1654 1485 salutant3

179 1496 396 1551 Scilicet
434 1497 579 1548 hunc
620 1513 890 1548 summum
928 1496 1131 1547 norunt
1169 1492 1392 1546 uirtutis
1431 1491 1705 1544 honorem.
1776 1503 1865 1544 280

179 1570 298 1639 Sed,
337 1573 631 1639 postquam
671 1568 791 1621 miti
830 1568 1016 1621 reiecit
1053 1585 1277 1620 munera
1315 1567 1485 1635 uultu,

174 1644 418 1698 Ausonio
457 1661 567 1697 non
608 1643 774 1713 digna
813 1642 946 1710 uiro,
984 1641 1297 1711 patriosque
1335 1639 1575 1693 uicissim

175 1718 410 1771 Edocuit
449 1717 587 1770 ritus
628 1721 683 1769 et
720 1715 951 1769 Romam
989 1715 1212 1768 nomina
1251 1731 1441 1784 regum

176 1791 509 1845 Monstrauit
545 1790 751 1843 nescire
792 1789 921 1858 pati,
961 1791 1078 1841 tum
1120 1806 1308 1840 uersus
1350 1789 1406 1839 in
1445 1804 1624 1854 unam,

177 1865 324 1927 Quae
364 1868 550 1931 restat,
591 1882 791 1932 curam,
828 1862 979 1914 nullo
1020 1879 1180 1930 super
1218 1861 1376 1914 hoste
1415 1860 1621 1925 relictO,
1776 1872 1862 1913 285

173 1938 250 1992 Et
289 1938 476 1991 Latios
518 1937 678 1990 simul
721 1938 776 1988 et
814 1936 1038 2005 uulgum
1078 1934 1367 2004 Baetisque
1407 1932 1651 2002 Tagique

176 2010 454 2065 Conuocat
495 2029 557 2064 ac
596 2009 772 2062 medio
812 2009 867 2061 in
907 2011 1062 2061 coetu
1102 2009 1178 2061 sic
1217 2007 1405 2060 deinde
1444 2009 1712 2076 profatur:

175 2084 428 2148 ‘Quando
468 2084 548 2137 ita
587 2083 906 2137 caelicolum
944 2082 1102 2135 nobis
1141 2099 1412 2151 propensa
1450 2079 1704 2132 uoluntas

179 2160 401 2226 Annuit,
443 2161 683 2212 extremo
722 2156 891 2226 Libys
931 2158 993 2207 ut
1031 2155 1265 2208 deiectus
1306 2155 1374 2207 ab
1415 2153 1544 2207 orbe

178 2233 292 2286 Aut
330 2233 416 2285 his
458 2231 724 2284 occideret
762 2229 983 2299 campiS‚
1024 2233 1132 2298 aut,
1172 2246 1268 2281 axe
1308 2228 1497 2281 relicto
1775 2237 1863 2278 290

176 2306 460 2376 HesperiO,
498 2305 704 2374 patrias
744 2303 864 2356 exul
906 2305 1162 2356 lustraret
1199 2302 1453 2355 harenas:

296 2500 381 2539 265
412 2493 578 2538 Exiliit
610 2497 681 2535 ov
829 2496 914 2536 267
949 2489 1289 2547 Congeminans
1321 2488 1570 2534 Liuineius
1600 2491 1641 2532 et
1676 2485 1862 2531 Gronov

178 2553 522 2610 Congeminant
553 2557 579 2594 S
673 2555 759 2596 268
792 2550 1023 2606 Uictaque
1056 2554 1082 2592 S
1116 2548 1194 2605 (cf.
1218 2562 1264 2592 u.
1289 2550 1402 2603 241)
1499 2549 1585 2590 272
1619 2545 1754 2590 Hunc
1778 2549 1860 2600 LE,

175 2618 227 2657 ut
258 2614 373 2657 coni.
401 2612 585 2657 Gronov
631 2609 752 2654 Hinc
787 2614 845 2665 0,
893 2610 1013 2666 quod
1037 2609 1168 2665 prob.
1202 2606 1401 2663 Ruperti
1446 2606 1533 2649 Hic
1564 2609 1623 2660 V,
1661 2609 1714 2650 ut
1743 2605 1861 2650 coni.

181 2671 428 2716 Liuineius
489 2674 574 2714 277
602 2670 881 2714 Concurrere
900 2672 959 2710 oh
1020 2672 1106 2711 278
1124 2679 1254 2710 mens
1278 2669 1346 2707 LE
1378 2679 1438 2709 en
1463 2669 1530 2707 0V
1592 2667 1679 2708 280
1696 2665 1864 2707 norant

181 2729 509 2774 Drakenborch
622 2732 708 2772 286
741 2727 778 2771 Ε
802 2727 937 2770 Latio
964 2725 1102 2769 simul
1127 2725 1176 2769 et
1199 2738 1242 2767 u.
1269 2724 1454 2769 Gronov
1480 2749 1533 2755 —
1558 2720 1804 2777 baetisque
1827 2725 1860 2762 1.

180 2787 426 2843 beatisque
457 2792 491 2829 F
536 2787 783 2842 bethisque
816 2789 887 2828 ΟΥ
921 2786 997 2840 (cf.
1024 2799 1069 2829 u.
1097 2785 1206 2838 196)
1374 2787 1460 2826 290
1492 2781 1724 2825 occideret
1753 2782 1863 2822 LOV

176 2845 411 2949 &effloret
426 2851 459 2887 F
492 2845 726 2889 excideret
750 2849 809 2887 Ch
825 2845 958 2901 prob.
977 2843 1200 2898 Lefebure
1224 2841 1447 2885 occiderit
1470 2844 1511 2886 et
1539 2843 1622 2883 291
1649 2837 1864 2883 lustrarit

230 2917 399 2950 ezrrszus
