1988 3190
164 111 273 167 138
829 112 947 157 SILI
978 111 1198 159 ITALICI

163 247 427 300 Auriferis
467 247 688 301 tandem
727 246 972 301 Phoenix
1012 248 1266 319 depulsus
1309 249 1375 302 ab
1417 251 1576 304 aruis.
1797 265 1853 305 25

163 321 280 375 Iam
320 320 501 392 Mago,
541 325 732 375 exutus
772 322 980 393 castriS‚
1019 324 1264 393 agitante
1295 341 1496 393 pauore

162 395 226 448 In
264 395 496 465 Libyam
534 414 764 466 propero
802 397 1044 450 tramisit
1082 397 1299 451 caerula
1337 398 1474 451 uelo.

234 469 376 523 Ecce
418 470 564 523 aliud
606 470 780 539 decuS‚
818 470 962 523 haud
999 489 1108 524 uno
1149 474 1403 525 contenta
1441 470 1645 541 fauore,

161 542 421 597 Nutribat
457 543 701 598 Fortuna
742 544 876 598 duci.
937 563 1065 598 nam
1106 544 1349 599 concitus
1390 544 1626 600 Hannon

160 617 526 687 Aduentabat,
565 636 731 689 agens
772 618 1164 688 crepitantibus
1205 620 1426 690 agmina
1465 621 1660 674 caetris
1787 635 1845 675 30

160 691 418 762 Barbara,
458 696 513 745 et
550 693 833 763 indigenas
875 711 1026 746 serus
1065 694 1323 764 raptabat
1362 693 1609 748 Hiberos,

159 764 287 819 Non
326 785 414 819 ars
456 769 550 820 aut
591 771 743 820 astus
783 766 916 820 belli
955 767 1044 820 uel
1085 767 1304 821 dextera
1343 767 1539 838 deerat,

160 839 217 892 Si
254 858 366 893 non
407 838 688 911 Scipiadae
729 844 1082 895 concurreret.
1148 841 1332 895 omnia
1371 841 1561 895 ductor

155 912 359 985 Magna
399 914 531 968 adeo
573 915 846 969 Ausonius
887 914 1082 967 maiori
1121 916 1262 969 mole
1300 916 1607 984 premebat:

157 986 232 1041 Ut
273 988 491 1042 Phoebe
531 988 732 1058 stellas,
771 991 832 1041 ut
870 987 1059 1042 fratris
1098 989 1303 1042 lumina
1341 989 1597 1043 Phoeben
1784 1005 1841 1045 35

155 1061 473 1131 Exuperant
511 1063 820 1133 montisque
859 1061 1020 1115 Atlas
1061 1066 1116 1116 et
1146 1063 1372 1116 flumina
1403 1061 1581 1134 Nilus,

155 1135 235 1189 Ut
272 1139 427 1205 pater
465 1135 709 1190 Oceanus
750 1135 1028 1205 Neptunia
1067 1139 1281 1190 caerula
1319 1137 1505 1190 uincit.

157 1208 471 1263 Uallantem
512 1213 692 1264 castra
722 1241 783 1249 —
813 1210 1042 1264 obscuro
1081 1229 1210 1264 nam
1247 1228 1442 1279 uesper
1481 1209 1713 1282 Olympo

155 1283 400 1337 Fundere
440 1303 551 1338 non
592 1302 820 1354 aequam
858 1284 1155 1354 trepidanti
1194 1287 1447 1354 coeperat
1483 1286 1735 1340 umbram
1780 1317 1843 1326 —

160 1357 490 1428 Aggreditur
526 1357 717 1411 Latius
756 1360 947 1428 rector,
989 1358 1275 1428 subitoque
1315 1359 1557 1413 tumultu
1789 1374 1847 1414 40

154 1430 466 1485 Caeduntur
503 1433 706 1503 passim
738 1433 926 1501 vcoepti
965 1432 1267 1485 munimina
1305 1432 1441 1485 ualli

154 1505 493 1575 Imperfecta.
553 1509 999 1575 supercontexere
1038 1505 1265 1559 herbida
1304 1506 1488 1575 lapsos

153 1579 412 1645 Pondera,
453 1584 507 1634 et
544 1580 602 1633 in
640 1580 838 1634 tumuli
877 1579 1144 1633 concessit
1183 1598 1400 1650 caespes
1442 1580 1716 1634 honorem.

227 1654 334 1708 Uix
372 1654 467 1707 uni
507 1672 658 1707 mens
699 1654 863 1725 digna
904 1655 1045 1723 uiro,
1082 1656 1301 1708 nouisse
1342 1654 1575 1708 minores

151 1727 325 1790 Quam
366 1728 552 1782 deceat
589 1729 933 1798 pretiumque
974 1727 1151 1797 operis
1186 1728 1258 1781 sit
1295 1728 1509 1781 tradere
1542 1728 1734 1782 famae.
1788 1740 1847 1782 45

153 1801 426 1855 Cantaber
464 1802 685 1871 ingenio
727 1802 1096 1854 membrorum
1137 1805 1192 1854 et
1230 1802 1374 1855 mole
1414 1801 1593 1855 timeri

148 1875 255 1929 Uel
295 1876 469 1928 nudus
509 1876 636 1928 telis
677 1877 893 1944 poterat
932 1874 1119 1927 Larus,
1183 1875 1269 1928 hie
1310 1876 1423 1927 fera
1465 1875 1646 1944 gentis

150 1949 301 2002 More
342 1949 648 2019 securigera
687 1949 951 2001 miscebat
991 1949 1202 2017 proelia
1243 1948 1446 2001 dextra.

149 2022 239 2090 Et,
280 2040 609 2092 quamquam
648 2021 803 2075 fundi
844 2041 899 2075 se
941 2022 1140 2076 circum
1174 2022 1332 2091 pulsa
1370 2022 1577 2075 uideret

147 2094 404 2166 Agmina,
444 2097 621 2149 deleta
661 2096 882 2165 gentilis
923 2096 1066 2165 pube
1107 2099 1372 2165 cateruae,
1782 2109 1841 2149 50

149 2168 447 2224 ansorum
486 2170 754 2239 implebat
793 2170 942 2223 solus
982 2171 1121 2240 loca3
1165 2188 1259 2223 seu
1298 2170 1438 2223 foret
1476 2169 1653 2223 hostis

150 2243 482 2315 ComminUS,
520 2244 725 2314 expleri
765 2244 1039 2314 gaudebat
1079 2245 1298 2297 uulnere
1338 2243 1534 2296 frontis

269 2454 325 2493 28
364 2462 456 2492 uno
497 2453 556 2490 Ch
609 2447 726 2492 deest
764 2448 817 2492 i‘n
855 2452 903 2503 S,
958 2448 1036 2493 sed
1078 2448 1131 2492 in
1170 2452 1203 2489 Ε
1256 2460 1402 2503 paruo
1447 2459 1677 2503 suprascr.
1711 2450 1752 2490 et
1790 2447 1844 2490 in

147 2522 291 2566 ‘mai-9.
326 2508 370 2551 Z.’
420 2507 571 2563 primo
602 2506 677 2560 (T.
706 2521 754 2563 p.
780 2509 895 2561 233)
1075 2511 1131 2551 30
1172 2504 1510 2561 crepitantibus
1553 2504 1633 2548 cm'
1663 2504 1755 2562 Ep.
1783 2509 1841 2549 19

149 2565 499 2622 crepidantibus
531 2570 592 2608 ch
625 2565 698 2620 (T.
719 2580 769 2622 p.
799 2570 914 2619 211)
1021 2570 1074 2609 31
1109 2564 1333 2621 captabat
1364 2568 1394 2607 0
1496 2568 1550 2607 32
1585 2565 1747 2608 deerat
1769 2567 1836 2606 Lo

154 2626 288 2668 derat
318 2630 352 2667 F
386 2627 464 2681 (cf,
493 2625 585 2670 XI.
604 2627 686 2678 38)
711 2629 749 2667 V
871 2629 926 2668 33
961 2623 1118 2668 omnia
1149 2629 1222 2667 cm
1246 2625 1274 2667 l.
1301 2624 1327 2667 l.
1377 2623 1536 2667 omina
1566 2627 1603 2665 V
1650 2623 1842 2678 agmina

149 2685 290 2741 uulyo
412 2688 468 2727 34
501 2683 725 2739 Magnum
758 2683 984 2728 Heinsius
1117 2687 1173 2726 35
1205 2681 1340 2726 fratri
1373 2687 1398 2724 S
1534 2687 1591 2726 36
1625 2680 1780 2724 athlas
1814 2685 1840 2722 8

153 2768 209 2774 —
245 2743 293 2786 et
324 2746 383 2784 ch
436 2743 486 2785 ut
518 2748 543 2784 S
667 2747 722 2786 39
756 2741 1009 2798 crepitanti
1041 2745 1113 2784 0V
1144 2767 1197 2774 -
1231 2741 1398 2785 umbra
1430 2746 1456 2782 S
1502 2791 1510 2799 ·
1592 2744 1649 2783 42
1682 2752 1841 2795 super-

151 2802 397 2845 contexere
446 2805 483 2842 V
539 2815 678 2858 super
726 2803 970 2845 contexere
1015 2805 1118 2843 Lro
1176 2814 1314 2856 super
1355 2800 1572 2843 texerunt
1613 2798 1841 2843 Heinsius

150 2865 209 2903 44
242 2859 323 2904 Uis
357 2863 427 2901 OV
533 2865 588 2903 46
620 2860 804 2917 ingenti
836 2859 1148 2904 membrorum
1180 2858 1302 2903 mole
1335 2857 1559 2903 Heinsius
1664 2860 1719 2900 47
1753 2854 1839 2900 teli

149 2919 268 2963 idem
390 2921 445 2960 49
478 2923 730 2974 postquam
765 2922 795 2960 0
831 2944 886 2950 -—
920 2933 1018 2963 sese
1052 2923 1078 2960 S
