1988 3190
177 133 252 186 44
514 127 516 129 ’
845 133 962 179 SILI
992 133 1214 179 ITALICl

179 268 353 324 Uobis
392 269 471 323 ite
509 287 668 338 pares
710 272 765 322 et
803 273 1021 323 tantum
1062 270 1254 323 audete
1295 269 1396 322 sub
1438 270 1618 340 armis7

178 342 458 406 Quantum
481 343 658 398 Roma
681 343 853 397 timet.
899 344 1165 414 reliquam
1188 345 1330 397 hanc
1360 343 1624 399 excindite
1649 345 1870 417 molem3

178 417 289 486 Nil,
328 417 472 487 quod
510 418 764 481 uincatiS‚
802 421 921 472 toto
962 418 1194 472 restabit
1232 419 1290 470 in
1329 418 1475 472 orbe.
1781 433 1865 473 581

177 491 300 546 Neu
339 493 531 562 populi
569 510 668 546 uos
707 491 1050 563 Martigenae
1089 492 1321 546 tardarit
1361 493 1540 562 orig03

176 566 445 619 Intratam
489 565 765 621 Senonum
806 567 1032 636 capietis
1072 567 1295 620 milibus
1335 567 1527 620 urbem

177 640 580 710 Assuetamque
621 641 757 711 capi.
816 641 1050 695 fortasse
1090 641 1367 695 curulibus
1409 641 1536 694 altis

176 715 294 768 Iam
333 732 448 783 uos,
488 716 737 785 exemplo
777 734 1125 786 proauorum,
1166 715 1234 768 ad
1270 715 1452 769 nobile
1491 715 1662 768 letum
1784 728 1870 769 585

176 787 488 858 Expectant
528 789 593 842 de
632 808 782 843 more
823 808 977 843 senes
1017 789 1290 859 mortique
1330 788 1626 858 parantur.'

253 863 476 916 Talibus
515 863 606 917 hic
644 863 881 935 Poenus3
922 863 1015 918 sed
1055 867 1246 917 contra
1285 862 1545 917 Oenotria
1582 864 1752 933 pubes

177 935 307 990 Non
344 938 488 990 ullas
529 956 690 991 uoces
732 938 884 992 ducis
923 940 1018 991 aut
1056 942 1348 1009 praecepta
1386 937 1626 1006 requirit.

180 1009 278 1064 Sat
316 1014 520 1064 mat-res
557 1012 846 1067 ,stimulant
882 1012 1107 1082 natique
1146 1015 1200 1065 et
1240 1031 1366 1066 cara
1405 1010 1625 1081 supinas

178 1084 521 1138 Tendentum
559 1087 773 1154 palmas
812 1086 1261 1155 lacrimantiaque
1294 1105 1389 1139 ora
1419 1088 1720 1154 parentum.
1783 1098 1869 1139 590

179 1157 473 1213 Ostentant
511 1178 712 1229 paruos
752 1161 1050 1230 uagituque
1088 1160 1257 1214 incita
1294 1161 1516 1229 pulsant

180 1231 358 1288 Corda
395 1234 591 1302 uirum,
631 1235 856 1287 armatis
897 1234 1133 1304 infigunt
1172 1235 1359 1287 oscula
1398 1233 1617 1286 dextris

178 1306 268 1361 Ire
306 1307 503 1362 uolunt
543 1311 598 1360 et
637 1326 736 1377 pro
776 1308 948 1362 muris
989 1326 1262 1379 opponere
1304 1307 1456 1361 densi

176 1381 408 1436 Pectora
446 1385 862 1451 respectantque
903 1400 1029 1435 suos
1068 1382 1362 1451 fletumque
1401 1381 1699 1435 resorbent.

178 1455 258 1509 Ut
297 1474 427 1509 uero
466 1456 704 1525 impulso
744 1456 1046 1525 patefactae
1086 1456 1302 1509 cardine
1341 1458 1532 1526 portae
1783 1468 1868 1509 595

177 1529 254 1583 Et
295 1530 460 1583 simul
501 1530 681 1600 erupit
719 1530 884 1584 motis
924 1530 1195 1583 exercitus
1237 1532 1420 1599 armis,

177 1603 450 1657 Funditur
488 1604 770 1658 immixtus
812 1604 1022 1676 gemitu
1062 1605 1421 1675 precibusque
1461 1621 1557 1673 per
1596 1603 1738 1657 altos

177 1678 265 1731 Ad
305 1679 517 1732 caelum
558 1697 743 1732 muros
783 1680 1032 1749 plangor,
1072 1697 1403 1748 sparsaeque
1444 1677 1640 1731 solutis

178 1752 433 1807 Crinibus
475 1753 762 1807 exululant
802 1756 1004 1805 matres
1046 1755 1210 1821 atque
1249 1753 1417 1806 ubera
1455 1751 1677 1804 nudant.

177 1826 405 1879 Fuluius
447 1827 773 1879 anteuolans
815 1844 1033 1896 agmen:
1075 1825 1236 1889 ‘Quis
1276 1824 1519 1895 nesciat,'
1560 1825 1753 1895 inquit,
1786 1838 1872 1878 600

179 1899 328 1954 ‘Non
369 1904 563 1969 sponte
605 1900 674 1952 ad
712 1902 933 1953 nostros
972 1899 1215 1953 Poenum
1255 1900 1470 1953 uenisse
1509 1899 1760 1968 penatis?

179 1978 230 2027 A
270 1974 445 2044 portis
486 1974 631 2044 fugit
670 1973 923 2043 Capuae.³
991 1972 1319 2027 Subnectere
1358 1975 1517 2044 plura

179 2047 484 2102 Conantem
523 2049 700 2101 tristis
741 2048 877 2102 caeli
915 2066 1036 2101 cum
1078 2067 1353 2101 murmure
1392 2051 1551 2102 uasto

178 2122 447 2176 Turbauit
485 2122 675 2193 fragor
715 2125 770 2175 et
810 2122 992 2175 subita
1032 2122 1095 2175 de
1135 2124 1279 2176 nube
1313 2122 1600 2191 procellae.

251 2196 476 2267 Iupiter,
515 2196 851 2266 Aethiopum
890 2215 1136 2250 remeans
1177 2197 1388 2264 tellure,
1428 2197 1726 2250 minantem
1782 2208 1867 2249 605

178 2271 444 2324 Romuleo
485 2270 728 2324 Poenum
768 2274 831 2323 ut
868 2270 1006 2323 uidit
1046 2271 1328 2324 succedere
1369 2271 1532 2339 uaIIO‚

179 2344 467 2399 Caelicolis
509 2346 717 2414 raptim
758 2344 966 2412 excitis,
1006 2344 1290 2396 defendere
1331 2346 1478 2397 tecta

180 2419 437 2472 Dardana
477 2422 532 2471 et
570 2419 626 2472 in
668 2422 878 2488 septem
920 2418 1215 2471 discurrere
1255 2419 1487 2472 iusserat
1526 2435 1694 2471 arces.

300 2657 384 2696 579
419 2652 565 2697 Uobis
590 2658 650 2696 ch
725 2657 812 2698 582
845 2652 916 2698 Ne
941 2658 1001 2695 eh
1077 2656 1163 2698 585
1197 2653 1258 2697 ad
1281 2667 1326 2696 n.
1352 2651 1499 2697 letum
1524 2656 1584 2695 Ch
1676 2655 1760 2696 587
1793 2650 1869 2695 hic

179 2711 373 2757 Marsus
419 2711 529 2755 hinc
575 2716 683 2755 LFV
737 2711 872 2768 huic,
920 2725 1035 2757 corr.
1076 2713 1128 2756 in
1174 2711 1247 2756 his
1294 2716 1324 2754 0
1537 2714 1621 2755 589
1663 2710 1769 2754 Stat
1799 2713 1869 2753 ov

179 2776 265 2816 596
297 2770 437 2815 motis
472 2775 532 2813 ch
574 2770 715 2816 uictis
750 2777 776 2814 s
824 2771 994 2815 iunctis
1026 2772 1167 2827 παῖ-(ιο
1191 2771 1323 2827 prob.
1350 2770 1489 2815 Blass
1552 2773 1637 2813 598
1670 2767 1870 2825 plangor

179 2830 405 2876 Heinsius
438 2828 631 2886 clangor
664 2836 690 2873 S
856 2835 942 2875 603
974 2829 1145 2888 tristis]
1178 2829 1251 2874 his
1284 2828 1424 2874 dictis
1456 2828 1682 2873 Heinsius
1727 2826 1866 2871 dictis

178 2890 253 2935 uel
283 2889 410 2932 dirus
443 2887 643 2945 Ruperti
677 2916 730 2922 —
766 2890 891 2947 cum]
928 2891 1027 2932 tum
1052 2893 1159 2931 LFV
1200 2888 1311 2932 dum
1337 2893 1367 2931 0
1490 2892 1573 2931 607
1610 2885 1866 2932 caelicolas

179 2964 214 2995 r.
249 2948 425 2994 excitos
460 2947 645 2992 Gronov
768 2953 853 2993 608
887 2947 1166 3005 discurrere]
1203 2946 1485 2992 descendere
1518 2950 1554 2987 V
