1988 3190
191 138 299 190 154
858 135 973 181 SILI
1002 136 1226 182 ITALICI

186 272 428 342 Eurytus
470 276 525 325 et
563 271 769 341 primus
810 272 1083 342 breuihm,
1123 272 1216 326 sed
1258 273 1477 343 primuS,
1516 273 1706 328 abibat

183 345 516 399 Praecedens
559 346 767 416 spatiis,
813 346 999 398 'instat
1037 365 1146 400 non
1186 347 1406 417 segnius
1446 365 1570 401 acer
1790 361 1877 401 490

186 419 460 490 Hesperos
503 438 564 473 ac
602 422 781 489 prima
820 419 1045 490 stringit
1081 421 1318 492 uestigia
1357 421 1546 490 planta

189 494 542 564 praegressae
582 494 760 547 calcis,
823 494 958 547 satis
997 496 1082 547 est
1119 494 1246 548 huic
1284 512 1402 548 esse
1441 495 1631 564 priori3

183 567 326 621 Huic
367 586 583 637 sperare
615 570 702 620 sat
740 570 825 621 est
862 568 980 620 fieri
1019 586 1076 621 se
1115 586 1275 637 posse
1314 569 1568 638 priorem.

185 641 380 695 Acrius
421 642 526 695 hoc
564 641 796 695 tendunt
835 659 1052 711 gressus
1093 642 1365 712 animique
1404 643 1591 713 uigore

183 714 430 785 Corpora
469 718 655 786 agunt.
710 718 873 785 auget
912 715 1092 784 pueris
1132 716 1291 770 labor
1327 717 1443 786 ipse
1484 716 1744 770 decorem.
1790 731 1874 772 495

184 789 340 859 Ecce,
379 789 487 842 leui
526 790 649 842 nisu
686 793 1070 874 postremoque
1109 791 1325 874 agmine
1372 808 1608 860 currem,

184 863 485 933 Postquam
524 865 609 916 sat
647 864 799 916 uisus
840 863 944 916 sibi
984 864 1292 932 concepisse
1331 864 1579 934 uigoris,

184 935 375 990 Celsus
414 937 764 990 inexhaustas
805 937 1032 990 effundit
1070 938 1288 991 turbine
1326 939 1472 991 uires

181 1010 311 1064 Non
350 1014 636 1080 expectato
680 1010 1000 1080 subitusque
1043 1011 1278 1080 erumpit
1316 1014 1372 1065 et
1410 1030 1569 1065 auras

184 1084 541 1138 Praeuehitur
580 1084 810 1138 Theron.
873 1085 1057 1138 credas
1099 1083 1385 1155 Cyllenida
1423 1087 1665 1156 plantam
1789 1100 1875 1141 500

186 1157 451 1212 Aetherio
492 1159 647 1211 nexis
689 1177 848 1212 cursu
887 1158 1155 1212 talaribus
1195 1160 1289 1212 ire.

182 1231 405 1302 Iamque
445 1232 545 1286 hos
584 1232 802 1301 iamque
839 1233 980 1302 illos,
1017 1232 1219 1302 populo
1259 1232 1506 1303 mirante,
1545 1233 1806 1302 relinquit

181 1306 272 1376 Et,
313 1306 473 1359 modo
512 1309 837 1376 postremuS‚
876 1325 1017 1360 nunc
1056 1306 1240 1359 ordine
1279 1307 1442 1359 tertia
1481 1307 1682 1377 palma,

189 1380 475 1449 Hesperon
513 1379 738 1433 infestat
778 1398 875 1433 sua
912 1398 1009 1449 per
1046 1380 1280 1451 uestigia
1316 1398 1580 1450 pressum.

190 1452 246 1507 N
249 1472 306 1507 00
341 1455 466 1523 iam,
497 1473 657 1523 quem
689 1454 932 1523 sequitur
955 1457 1187 1522 tantum,
1219 1453 1313 1507 sed
1334 1454 1510 1524 prima
1535 1471 1764 1508 coronae
1789 1467 1874 1508 505

187 1527 322 1597 Spes
363 1527 603 1596 trepidat
642 1530 815 1580 tantis
855 1527 1197 1580 uenientibus
1235 1527 1477 1597 Eurytus
1519 1528 1638 1581 alis,

186 1600 424 1663 Quartus
465 1604 612 1655 sorte
651 1601 774 1671 loci,
813 1601 920 1670 sed,
962 1602 1008 1655 si
1046 1604 1158 1654 tres
1199 1602 1386 1655 ordine
1425 1605 1642 1655 seruent

183 1676 441 1744 Inceptos
482 1694 686 1744 cursuS‚
724 1675 1079 1745 nequicquam
1117 1676 1572 1744 uana-laborans»,

182 1749 473 1802 Tartessos
512 1749 738 1802 fratrem
778 1748 956 1802 medio
997 1748 1243 1802 Therone
1283 1750 1577 1819 premebat.

184 1822 298 1876 Nec
336 1823 549 1892 patiens
588 1823 735 1875 ultra
774 1823 924 1875 tollit
964 1840 1079 1875 sese
1122 1840 1352 1890 aequore
1392 1823 1607 1876 Theron
1789 1838 1874 1877 510

184 1895 388 1967 Igneus
430 1900 485 1949 et
522 1897 740 1965 plenum
780 1896 1149 1965 praeteruolat
1187 1895 1470 1964 Hesperon
1509 1896 1635 1950 irae.

182 1969 338 2023 Unus
380 1972 497 2022 erat
536 1987 710 2039 super,
751 1973 804 2021 et
842 1972 1018 2022 metae
1058 1969 1402 2038 propioribus
1442 1986 1635 2039 aegros

185 2043 393 2096 Urebat
433 2042 554 2097 finis
596 2043 854 2112 stimulis3
895 2060 1258 2112 quascumque
1296 2042 1518 2112 reliquit

187 2116 327 2169 Hinc
366 2117 538 2185 labor,
576 2116 703 2170 hinc
742 2120 1032 2187 penetrans
1073 2135 1244 2186 pauor
1282 2116 1338 2169 in
1369 2116 1684 2186 praecordia
1714 2118 1875 2186 uires,

182 2190 327 2243 Dum
368 2209 584 2260 sperare
626 2191 767 2260 licet,
806 2191 994 2243 breuia
1035 2191 1101 2243 ad
1141 2190 1426 2244 conanima
1464 2194 1687 2261 uterque
1786 2205 1872 2245 515

301 2413 388 2453 489
422 2409 612 2453 Euritus
644 2414 740 2452 chs
787 2408 1024 2466 Eurythus
1056 2409 1196 2465 uulyo
1338 2412 1424 2453 492
1459 2410 1787 2466 Praegressae‚
1820 2415 1873 2454 ut

183 2470 300 2514 coni.
327 2469 590 2521 Liuineius,
612 2473 680 2510 LF
719 2467 998 2524 Progressae
1026 2471 1096 2510 ov
1129 2493 1184 2499 —
1217 2467 1380 2512 huicv
1419 2468 1527 2512 hinc
1558 2473 1660 2511 1.Εο
1695 2493 1748 2502 -
1781 2467 1873 2513 isse

184 2528 408 2572 Heinsius
529 2532 615 2571 493
650 2527 770 2570 Hinc
804 2531 830 2569 Β
946 2530 1032 2570 496
1063 2525 1170 2570 111811
1194 2530 1265 2569 OV
1297 2551 1352 2559 -—-
1386 2540 1572 2571 currens
1598 2531 1670 2570 cm
1692 2526 1786 2584 Ep.
1813 2530 1873 2573 55

183 2601 343 2630 currus
377 2590 406 2628 0
590 2590 675 2630 497
716 2585 845 2629 uisus
879 2591 950 2628 cm
982 2586 1008 2629 l.
1044 2586 1072 2630 l.
1105 2590 1138 2627 F
1177 2599 1234 2630 ex
1264 2599 1378 2630 corr.
1425 2584 1553 2630 nisus
1584 2590 1616 2628 1.
1665 2585 1770 2629 uisu
1802 2590 1873 2630 0V

183 2649 271 2688 499
306 2648 353 2688 et
385 2658 535 2699 auras,
567 2650 619 2689 ut
649 2646 767 2690 coni.
799 2644 1061 2698 Liuineius,
1086 2648 1187 2687 chL
1225 2645 1274 2688 et
1305 2657 1445 2688 aucas
1475 2649 1509 2687 F
1549 2645 1607 2688 ad
1639 2658 1774 2689 auras
1800 2648 1871 2687 ov

186 2709 272 2748 500
318 2704 452 2748 thero
493 2708 523 2746 0
644 2712 651 2717 “
707 2707 792 2748 505
840 2717 977 2760 quem
1026 2702 1257 2760 sequitur]
1305 2703 1603 2759 consequitur
1646 2703 1872 2748 Heinsius

186 2766 271 2806 506
303 2762 449 2806 tantis
490 2762 736 2806 euentibus
775 2761 883 2806 Eur.
918 2762 1016 2806 ales
1054 2763 1129 2807 uel
1165 2762 1320 2806 tactus
1360 2762 1655 2806 uenientibus
1695 2761 1746 2805 E.
1779 2761 1868 2805 alis

184 2821 411 2865 Heinsius
463 2822 609 2866 tantis
663 2819 941 2866 conterritus
989 2820 1041 2864 E.
1089 2820 1177 2864 alis
1228 2820 1404 2875 Withof
1450 2845 1503 2852 —
1552 2817 1867 2877 uenientibus]

186 2882 378 2934 fortasse
430 2879 707 2934 urgentibus
763 2906 818 2913 —
875 2880 1065 2923 eurutus
1119 2883 1190 2921 LV
1259 2878 1463 2924 eux-ictus
1509 2884 1543 2921 F
1605 2877 1781 2922 euritus
1837 2882 1868 2920 0

183 2943 270 2983 509
302 2938 501 2982 therona
526 2942 552 2979 s
690 2942 773 2982 513
806 2938 929 2995 finis]
963 2937 1097 2981 limes
1129 2937 1354 2982 Heinsius
