1988 3190
154 127 224 183 78
636 174 639 176 ,
823 126 936 173 SILI
965 125 1192 172 ITALICI

149 264 362 319 Inuicto
403 266 585 333 stupet
623 262 873 333 Aeacide,
912 265 1096 331 stupet
1132 261 1368 316 Hectore
1407 279 1609 332 magno
1756 274 1848 317 800

153 339 446 408 Aiacisque
486 337 714 409 gradum
752 337 1166 408 uenerandaque
1205 336 1456 390 Nestoris
1498 354 1595 390 ora

149 413 395 484 Miratur,
434 412 683 483 geminos
722 414 969 481 aspectat
1007 411 1183 464 laetus
1223 409 1450 463 Atridas

149 487 376 557 Iamque
414 486 682 551 Ithacum,
723 485 881 539 corde
921 488 1244 555 aequantem
1282 483 1469 539 Peleia
1508 483 1671 538 facta.

151 561 437 616 Uicturam
475 560 602 614 hinc
642 560 814 613 cernit
851 558 1052 612 Ledaei
1093 557 1337 612 Castoris
1376 558 1644 628 umbram,

112 696 121 702 „
151 635 443 688 Alternam
482 635 660 688 lucem
698 634 996 703 peragebat
1031 634 1088 686 in
1128 633 1347 687 aethere
1384 632 1595 686 Pollux.
1756 643 1844 686 805

228 708 331 763 Sed
371 709 553 762 subito
592 709 778 762 uultus
819 710 1127 760 monstrata
1163 706 1397 760 Lauinia
1434 707 1621 760 traxit.

151 783 296 837 Nam
333 784 491 853 uirgo
532 783 828 851 admonuit,
865 785 1082 850 tempus
1124 798 1447 852 cognoscere
1485 780 1663 833 manis

149 858 453 925 FemineoS‚
490 875 559 909 ne
599 858 946 910 cunctantem
985 856 1078 909 lux
1118 856 1261 908 alma
1298 857 1537 908 uocaret.

151 931 330 985 ‘Felix
368 930 537 1001 haec‚’
578 930 771 1000 inquit,
811 929 1065 984 ‘Ueneris
1105 948 1274 982 nurus
1316 928 1502 982 ordine
1541 929 1708 998 longo

153 1005 492 1074 Troiugenas
531 1005 707 1057 iunxit
746 1004 954 1057 sociata
985 1004 1137 1072 prole
1169 1002 1394 1056 Latinis,
1755 1014 1843 1055 810

150 1079 251 1134 Uis
292 1084 346 1132 et
385 1079 726 1148 Martigenae
764 1076 1039 1131 thalamos
1089 1084 1332 1147 spectare
1373 1075 1620 1138 Quirini?

150 1153 450 1207 Hersiliam
491 1170 668 1222 cerne3
706 1152 948 1205 hirsutos
988 1170 1110 1204 cum
1150 1153 1427 1220 sperneret
1466 1149 1596 1203 olim

153 1229 299 1282 Gens
337 1228 516 1280 uicina
553 1245 762 1296 procOS‚
800 1225 1008 1295 pastori
1045 1228 1206 1295 rapta
1243 1224 1440 1277 marito

151 1302 496 1371 Intrauitque
537 1319 692 1354 casae
731 1299 1001 1369 culmique
1041 1318 1070 1352 e
1109 1299 1372 1352 stramine
1410 1297 1611 1351 fultum

152 1376 362 1429 Pressit
392 1376 541 1428 laeta
570 1378 753 1428 torum
785 1376 840 1426 et
872 1391 1086 1427 soceros
1117 1372 1397 1426 reuocauit
1429 1373 1497 1425 ab
1531 1370 1713 1424 armis.
1755 1383 1842 1425 815

152 1451 354 1521 Aspice
395 1448 703 1504 Carmentis
744 1466 977 1518 gressus,
1038 1447 1316 1500 Euandria
1355 1450 1530 1499 mater

152 1524 306 1578 Haec
344 1523 450 1576 fuit
490 1526 544 1576 et
582 1526 797 1576 uestros
836 1522 1022 1591 tetigit
1058 1538 1327 1591 praesaga
1364 1520 1596 1573 labores.

149 1598 250 1653 Uis
276 1600 345 1668 et,
369 1616 502 1667 quos
527 1596 795 1666 Tanaquil
820 1596 1006 1649 uultus
1032 1595 1224 1665 gerat?
1257 1596 1390 1647 haec
1415 1611 1627 1663 quoque
1659 1596 1839 1647 castae

151 1673 395 1742 Augurio
436 1672 615 1724 ualuit
654 1670 850 1725 mentis
889 1672 1227 1739 uenturaque
1268 1668 1404 1721 dixit

149 1747 343 1816 Regna
383 1746 498 1798 uiro
540 1749 594 1798 et
633 1746 849 1798 dextros
890 1745 1116 1813 agnouit
1153 1744 1211 1795 in
1251 1743 1381 1795 alite
1421 1741 1590 1795 diuos.
1752 1753 1840 1795 820

149 1820 293 1874 Ecce
333 1819 624 1889 pudicitiae
662 1818 880 1871 Latium
924 1818 1100 1884 dcem,
1140 1816 1331 1870 inclita
1370 1816 1469 1868 leti

150 1893 284 1947 Fert
320 1894 556 1946 frontem
597 1895 759 1961 atque
800 1891 984 1944 oculos
1024 1894 1200 1943 terrae
1239 1889 1494 1944 Lucretia
1532 1889 1683 1942 fixos,

149 1967 277 2021 Non
310 1967 480 2036 datur,
510 1967 618 2018 heu
654 1966 772 2035 tibi,
795 1964 986 2033 Roma,
1009 1982 1107 2017 nec
1132 1966 1230 2032 est,
1257 1963 1398 2033 quod
1423 1962 1585 2016 malle
1614 1961 1839 2032 deceret,

149 2040 309 2094 Hanc
346 2040 561 2094 laudem
599 2040 833 2093 retinere
874 2038 979 2092 diu.
1041 2037 1303 2107 Uerginia
1340 2038 1505 2106 iuxta,

270 2234 358 2275 800
388 2228 571 2273 Inuicto
601 2228 733 2273 Thilo
771 2227 843 2273 Ire
873 2228 975 2273 uiro
1002 2232 1028 2271 S
1069 2227 1123 2272 In
1154 2228 1289 2272 toruo
1321 2227 1396 2270 uel
1426 2224 1477 2269 In
1509 2225 1659 2283 primo
1688 2224 1836 2269 Hein-

150 2290 248 2334 sius
277 2288 398 2333 Hinc
428 2288 532 2332 uiso
557 2289 631 2333 uel
662 2289 716 2331 In
740 2287 879 2331 Pthio
911 2288 984 2332 uel
1013 2287 1066 2330 In
1092 2286 1194 2330 diro
1221 2286 1301 2330 uel
1323 2284 1436 2328 Inde
1465 2283 1564 2329 fero
1587 2284 1837 2328 Burmann

150 2349 296 2404 Inque
327 2361 420 2392 uno
445 2347 695 2392 Liuineius
725 2347 825 2390 Iam
857 2346 983 2392 claro
1014 2347 1088 2391 uel
1118 2345 1233 2389 Inde
1264 2344 1386 2390 truci
1407 2344 1481 2388 uel
1513 2343 1609 2387 acri
1637 2343 1714 2387 uel
1736 2343 1833 2386 alto

159 2407 346 2463 Withof
367 2407 558 2463 Iamque
589 2406 687 2451 fero
713 2405 939 2451 Schrader
969 2406 1088 2450 Ecce
1119 2405 1221 2448 uiro
1246 2404 1470 2458 Lefebure
1499 2402 1624 2447 Irato
1646 2401 1841 2456 Hoeufft

150 2467 204 2511 in
238 2466 386 2512 Perie.
411 2470 530 2523 poet.
554 2466 621 2510 ed.
645 2468 769 2511 1783
807 2464 861 2509 In
889 2478 1030 2510 saeuo
1057 2463 1325 2520 Peerlkamp
1354 2463 1489 2516 (Aen.
1514 2462 1586 2506 II.
1603 2474 1654 2518 p.
1679 2463 1777 2506 263
1793 2461 1840 2516 b)

151 2525 298 2581 Inque
330 2525 431 2569 uiro
458 2525 649 2570 Ernesti
679 2524 855 2568 Immiti
878 2524 1079 2581 Ruperti
1109 2523 1162 2567 In
1193 2521 1358 2579 rapido
1381 2522 1522 2566 Blass
1582 2524 1666 2564 801
1700 2531 1841 2563 uene-

150 2585 394 2640 randaque
425 2589 463 2627 V
501 2583 861 2639 uenerandoque
892 2588 961 2626 ΒΕ
999 2581 1268 2627 ueneranda
1300 2585 1330 2623 0
1415 2584 1501 2624 802
1533 2577 1837 2636 geminosque

152 2643 449 2700 Dausqueius
479 2641 692 2699 geminos
715 2641 812 2686 iam
845 2644 1030 2700 spectat
1044 2642 1271 2686 Heinsius
1302 2640 1513 2696 geminos
1538 2639 1586 2682 et
1610 2652 1677 2694 sp.
1696 2636 1836 2681 Liui·

150 2702 283 2746 neius
316 2727 369 2734 —
403 2704 650 2758 aspectans
680 2702 820 2758 uulqo
911 2705 997 2747 809
1030 2714 1171 2745 nurus
1202 2704 1239 2741 V
1278 2697 1425 2743 mirus
1455 2701 1558 2740 LEO
1645 2700 1732 2740 814
1763 2695 1836 2738 In-

150 2759 390 2815 trauitque
432 2765 491 2803 ch
503 2766 572 2803 LF
626 2760 959 2816 Lustrauitqoe
1000 2764 1094 2816 0V,
1140 2759 1262 2803 unde
1298 2757 1348 2803 L.
1382 2770 1538 2801 casam
1576 2756 1716 2812 uulgo
1761 2752 1837 2797 In-

153 2818 415 2874 strauitque
456 2832 591 2863 casae
631 2820 823 2864 Marsus
855 2844 910 2851 —
943 2833 968 2864 e
1008 2818 1228 2863 stramine
1266 2821 1304 2859 V
1348 2814 1603 2860 extramine
1642 2816 1744 2855 1.Εο
1775 2837 1841 2862 -4

151 2879 344 2922 fluctum
376 2881 406 2919 0
441 2878 641 2922 fulcrum
665 2882 702 2919 V
824 2882 911 2922 817
943 2879 1129 2922 nostros
1162 2881 1189 2919 8
1222 2901 1278 2910 —-
1311 2873 1481 2919 cecinit
1509 2870 1837 2916 Drakenborch

152 2962 211 2970 —
242 2949 471 2994 praesago
506 2941 532 2978 S
654 2940 741 2980 824
765 2936 991 2993 Uerginia
1022 2941 1118 2979 Chs
1166 2933 1380 2992 Uirginia
1410 2933 1550 2989 uulgo
