1988 3190
139 84 245 138 132
808 83 924 130 SILI
954 82 1175 128 ITAL101

137 219 313 274 Arcus
354 221 472 273 erat
509 219 905 289 pharetraeque
944 218 1062 272 uiro
1103 221 1263 289 atque
1302 219 1518 272 incocta
1557 219 1780 274 cerastis

139 293 372 364 Spicula,
413 296 468 346 et
508 295 750 346 armatus
790 293 1090 364 peragebat
1128 293 1272 346 bella
1309 310 1531 347 ueneno,

136 367 379 437 Necnon,
418 366 722 436 cornipedis
761 369 918 438 tergo
959 367 1024 419 de
1064 385 1214 420 more
1253 369 1521 436 repostus,

138 440 458 495 Sustentata
496 458 640 511 genu
678 459 775 510 per
815 459 1069 510 campum
1106 440 1347 510 pondera
1386 441 1534 495 conti

139 514 427 568 Sarmatici
465 533 638 584 prona
678 514 933 568 aduersos
974 517 1204 586 urgebat
1242 516 1300 568 in
1338 515 1528 569 hostis.
1745 528 1832 570 685

137 588 276 642 Tum
316 607 528 659 quoque
567 589 889 642 transfixum
935 589 1047 642 telo
1088 607 1185 659 per
1223 589 1490 659 membra,
1535 607 1633 658 per
1679 608 1833 643 arma

137 661 388 717 Consulis
430 665 557 716 ante
598 663 786 716 oculos
827 679 1025 733 magno
1065 663 1301 716 clamore
1343 661 1622 717 Sabellum

136 733 478 806 Asportabat
519 755 688 790 ouans
730 740 785 790 et
825 754 995 790 ouans
1033 735 1343 790 Hammona·
1376 737 1620 790 canebat.

136 809 264 864 Non
303 811 434 863 tulit
472 811 614 865 hanc
653 811 794 863 iram
833 813 1125 880 tantosque
1164 811 1222 863 in
1261 811 1419 864 corde
1457 814 1708 882 tumores(

137 885 436 938 Barbarico
478 885 659 938 senior
697 885 973 954 telumque
1012 884 1235 938 intorsit
1275 888 1330 938 et
1368 903 1476 938 una
1745 898 1833 939 690

135 958 403 1011 Praedam
444 958 789 1028 animamque
831 957 994 1011 simul
1032 958 1229 1012 uictori
1268 959 1445 1012 uictor
1486 959 1701 1012 ademit.

210 1031 424 1102 Assilit,
465 1033 650 1086 audito
692 1032 869 1085 tristis
911 1033 1145 1085 clamore
1185 1033 1389 1100 ruinae,

137 1105 464 1175 Hasdrubal,
514 1110 568 1159 et
606 1109 947 1175 coeptantem
989 1106 1234 1158 Arabum
1282 1109 1501 1176 raptare
1548 1109 1829 1175 perempto

139 1179 460 1233 Gemmiferi
500 1180 737 1250 spolium
777 1180 954 1233 cultus
996 1198 1232 1249 auroque
1270 1181 1498 1249 rigentis

137 1253 382 1308 Exuuias
421 1254 660 1308 iaculum
701 1273 733 1306 a
771 1256 927 1323 tergo
966 1253 1231 1323 perlibrat
1271 1254 1339 1306 ad
1379 1272 1518 1307 ossa.
1744 1267 1831 1308 695

139 1328 258 1382 Iam
298 1331 550 1398 correpta
588 1328 753 1381 miser
792 1327 1022 1399 geminis
1061 1327 1337 1380 uelamina
1374 1327 1573 1397 palmis

139 1401 415 1471 Carpebat
452 1420 683 1472 propere
724 1404 778 1455 et
816 1401 1058 1471 trepidos
1097 1401 1400 1454 nudauerat
1439 1405 1604 1456 artus.

142 1474 395 1530 Concidit
435 1495 498 1529 ac
539 1494 719 1529 sacras
759 1478 940 1529 uestes
981 1478 1144 1545 atque
1185 1493 1349 1529 aurea
1386 1475 1480 1528 fila

143 1549 397 1603 Reddidit
436 1551 702 1619 exanimO,
743 1549 1039 1620 spoliatum
1078 1551 1261 1619 lapsus
1301 1550 1358 1602 in
1398 1549 1627 1602 hostem.

142 1623 219 1676 At
258 1624 505 1678 Canthus
539 1623 800 1693 Rutilum,
841 1622 1084 1677 Canthus
1125 1641 1407 1693 possessor
1437 1623 1688 1693 harenae,
1745 1637 1831 1677 700

142 1697 260 1760 Qua
300 1698 510 1751 celebre
551 1698 745 1751 inuicti
782 1715 980 1751 nomen
1020 1715 1248 1766 posuere
1287 1697 1550 1767 Philaeni,

140 1770 325 1825 Ditem
367 1772 548 1824 ouium
581 1771 829 1825 Rutilum
871 1771 1184 1839 obtruncat,
1231 1771 1318 1824 cui
1358 1771 1508 1824 mille
1548 1770 1647 1823 sub
1703 1771 1832 1824 altis

141 1844 440 1915 Lanigerae
480 1845 670 1898 balant
709 1845 955 1897 stabulis⁸
1017 1844 1149 1914 ipse,
1188 1844 1299 1897 otia
1339 1844 1492 1897 molli

142 1918 415 1972 Exercens
456 1937 598 1983 cura,
639 1918 818 1989 gelido
858 1936 999 1971 nunc
1038 1918 1258 1971 flumine
1300 1919 1442 1971 soles

141 1991 454 2061 Frangebat
492 1992 691 2045 nimios
731 1992 930 2062 pecori,
968 2010 1110 2045 nunc
1148 1993 1321 2045 laetus
1361 1992 1419 2044 in
1457 1991 1626 2044 herba
1749 2003 1833 2045 705

145 2065 431 2119 Tondebat
469 2065 661 2119 niueae
701 2066 1044 2136 splendentia
1082 2066 1290 2119 uellera
1328 2066 1500 2134 lanae,

144 2141 271 2209 Aut,
311 2157 472 2208 pecus
514 2158 541 2192 e
581 2143 744 2210 pastu
782 2158 903 2193 cum
946 2158 1061 2193 sese
1102 2140 1168 2192 ad
1207 2142 1353 2193 tecta
1392 2139 1631 2208 referret,

143 2212 432 2266 Noscentis
473 2218 675 2267 matres
716 2214 998 2282 spectabat
1037 2213 1273 2267 ouilibus
1315 2231 1500 2284 agnos,

263 2423 347 2464 681
389 2420 524 2463 erant
563 2418 789 2463 Heinsius
970 2422 1057 2462 684
1099 2418 1376 2462 Sustentata
1414 2423 1450 2460 v
1505 2416 1727 2462 Sustenta
1766 2419 1833 2458 Lo

146 2477 398 2522 Substenta
422 2483 456 2520 F
531 2481 617 2521 686
651 2478 770 2521 Tum
801 2491 984 2534 quoque
1010 2482 1082 2520 cm
1105 2477 1198 2533 Ep.
1226 2481 1284 2521 10
1323 2475 1525 2519 Tantum
1558 2487 1742 2531 quoque
1764 2479 1834 2517 LE·

144 2537 347 2580 Tantum
379 2541 451 2579 ΟΥ
481 2536 557 2590 (Τ.
576 2551 626 2593 p.
651 2539 764 2582 222.
790 2539 909 2591 242)
1051 2539 1135 2580 692
1167 2534 1333 2580 Assilit
1357 2540 1428 2578 cm
1452 2537 1480 2581 l.
1507 2535 1535 2579 l.
1566 2533 1771 2578 Adsistit
1802 2537 1833 2576 0

148 2600 232 2639 693
266 2596 460 2639 arabum
496 2600 522 2638 S
568 2595 773 2639 Atabum
805 2596 961 2653 uulyo,
994 2596 1113 2651 quod
1136 2595 1268 2651 prob.
1301 2594 1495 2651 Bentley
1575 2598 1660 2637 697
1692 2591 1835 2649 trepi-

145 2653 228 2698 dos
265 2659 291 2696 S
335 2654 521 2711 tepidos
540 2659 598 2697 ccl
630 2655 707 2709 (T.
727 2668 775 2711 p.
802 2657 917 2710 214)
979 2658 1064 2698 698
1096 2653 1171 2712 ac]
1206 2655 1252 2697 et
1285 2657 1315 2696 0
1388 2657 1472 2697 700
1505 2650 1697 2696 rutilum
1727 2655 1835 2694 LFV

143 2713 349 2756 rutulum
376 2717 406 2754 0
583 2713 991 2757 700—7027uerba
1024 2711 1230 2756 Canthus
1263 2727 1307 2768 p.
1342 2737 1397 2744 —
1430 2710 1640 2755 Rutilum
1673 2712 1835 2755 desunt

145 2771 197 2814 in
230 2774 299 2813 OV
335 2772 410 2826 (T.
431 2785 480 2827 p.
508 2776 615 2818 217.
641 2775 755 2827 240)
893 2776 975 2816 701
1011 2769 1224 2815 Philaeni
1256 2775 1313 2812 cd
1456 2775 1539 2814 702
1573 2769 1729 2814 ouium
1762 2773 1835 2811 cm

145 2829 238 2885 Ep.
264 2834 323 2874 10
396 2834 478 2873 707
515 2830 560 2888 e]
594 2845 621 2874 a
645 2836 677 2872 1.
712 2857 765 2862 —
797 2831 942 2888 tecta]
978 2833 1143 2886 saepta
1166 2829 1391 2874 Heinsius
1469 2833 1552 2873 708
1584 2827 1833 2872 Poscentes

146 2891 345 2933 matrem
379 2889 604 2933 Heinsius
637 2915 691 2921 -
724 2890 946 2946 pectebat
977 2890 1050 2933 uel
1082 2887 1333 2933 claudebat
1364 2887 1589 2932 Schrader
