1982 3224
813 149 1174 197 PRAEFATIO.
1802 150 1844 195 V

153 309 291 345 esse
330 289 387 360 F,
434 308 508 344 ex
547 289 781 357 altero,
831 288 972 357 quod
1012 291 1173 341 uocat
1212 286 1287 357 X,
1326 287 1384 340 in
1423 304 1529 357 quo
1569 286 1845 339 nonnullis

152 365 287 419 locis
333 364 572 434 duplices
614 362 812 417 codicis
854 361 889 415 S
929 362 1216 431 lectiones,
1255 365 1311 414 et
1349 380 1464 431 eae,
1513 379 1648 430 quae
1688 361 1744 413 in
1784 360 1845 412 li-

149 440 267 492 neis
313 438 539 506 fuerint,
590 440 645 490 et
691 439 1025 490 correcturas
1071 435 1242 489 fuisse
1291 434 1710 488 existimandum
1759 435 1847 503 sit,

150 513 425 583 pendere
465 511 593 580 OV3
633 529 805 580 neque
844 513 1026 563 tamen
1065 528 1164 578 pro
1197 512 1345 563 certo
1379 509 1553 563 dicere
1588 509 1749 562 audet
1782 528 1846 562 ex

148 587 268 656 ipso
319 586 499 640 codice
545 585 597 638 X
643 585 766 638 illos
814 602 931 638 esse
979 584 1383 652 transscriptos.
1461 582 1759 637 Oodicem
1800 582 1843 636 L

149 660 424 730 denique
465 662 572 729 qui
606 658 976 729 scripserit,
1016 677 1151 711 eum
1185 657 1538 727 exemplari
1571 657 1845 727 quodam

147 733 390 788 codicis
430 733 481 786 X
525 751 706 786 usum
755 751 893 785 esse
941 732 1259 801 simulque
1308 734 1369 784 et
1416 731 1841 801 apographon

147 806 184 861 S
226 813 287 861 et
325 808 609 861 codicem
648 806 690 859 F
732 806 1125 859 adhibuisse.
1181 805 1313 858 Inde
1352 805 1455 859 hoc
1496 805 1840 874 potissimum

147 882 298 952 sequi
337 882 507 936 codici
544 880 588 933 L
634 899 746 934 non
790 881 951 951 plane
1000 899 1117 933 eam
1166 898 1283 932 esse
1331 879 1717 932 auctoritatem
1749 880 1843 932 tri-

145 956 438 1023 buendam,
492 974 655 1025 quam
700 953 955 1008 tribuerit
1002 954 1050 1006 ei
1096 953 1274 1023 BlasS,
1328 952 1526 1007 codicis
1573 951 1616 1005 F
1658 956 1841 1006 autem

146 1029 532 1083 auctoritatem
586 1028 845 1081 maiorem
897 1046 1038 1097 esse,
1092 1046 1254 1097 quam
1303 1027 1395 1080 ille
1448 1027 1698 1097 opinatus
1751 1028 1845 1097 sit3

146 1103 390 1157 codicum
445 1102 550 1157 OV
605 1102 833 1172 denique
872 1120 982 1154 non
1030 1102 1207 1155 solum
1255 1100 1332 1154 eis
1380 1101 1515 1155 locis
1575 1101 1843 1154 rationem

146 1196 264 1231 esse
316 1177 646 1245 habendam,
697 1176 893 1247 quibus
946 1175 987 1227 L
1039 1179 1094 1229 et
1142 1174 1186 1228 F
1235 1175 1379 1228 inter
1426 1175 1473 1228 is
1521 1175 1842 1244 discrepent,

147 1252 239 1304 sed
281 1251 495 1321 ubique,
534 1250 878 1320 potissimum
920 1252 1103 1302 autem
1142 1250 1220 1302 eis
1252 1249 1405 1319 locis,
1443 1249 1538 1302 ubi
1578 1249 1634 1302 in
1675 1248 1710 1302 S
1753 1249 1843 1301 du-

146 1326 315 1394 plices
354 1325 615 1378 lectiones
654 1323 821 1377 fuisse
862 1323 1154 1377 verisimile
1195 1323 1282 1376 sit.

254 1398 343 1452 Ad
380 1399 522 1452 hanc
561 1398 888 1451 sententiam
927 1396 1176 1466 quamuis
1224 1397 1462 1467 magniS,
1512 1401 1574 1450 ut
1611 1396 1844 1466 uidetur,

147 1472 486 1526 documentis
519 1472 911 1543 confirmatam,
941 1475 1003 1524 ut
1039 1471 1097 1523 in
1129 1472 1380 1525 omnibus
1420 1489 1506 1523 me
1538 1470 1700 1523 rebus
1733 1474 1842 1523 tra-

146 1546 385 1615 duceret,
433 1565 544 1599 non
591 1546 825 1615 contigit
879 1546 1037 1598 docto
1092 1545 1175 1597 illi
1230 1545 1364 1599 uiro,
1440 1544 1615 1597 Immo
1657 1544 1845 1597 etiam-

145 1638 286 1672 nunc
332 1637 649 1689 persuasum
696 1619 872 1672 habeo
911 1624 1058 1672 recta
1098 1637 1161 1671 ea
1201 1636 1341 1687 esse,
1389 1637 1525 1686 quae
1574 1618 1727 1671 Blass
1778 1618 1841 1670 de

147 1693 296 1747 codd.
352 1693 624 1762 exposuit,
678 1710 800 1745 cum
856 1692 1058 1746 diceret
1112 1691 1209 1744 LF
1266 1710 1331 1744 ex
1386 1692 1573 1745 eodem
1622 1692 1841 1744 fluxisse

145 1767 319 1837 fonte,
359 1785 423 1820 ex
462 1767 570 1820 alio
612 1766 845 1835 quodam
886 1765 1008 1819 OV.
1084 1765 1167 1818 De
1205 1765 1310 1819 hac
1347 1784 1407 1819 re
1447 1768 1502 1818 et
1543 1766 1606 1818 de
1647 1766 1841 1819 ceteris

145 1841 306 1909 lociS,
343 1841 408 1894 de
446 1841 642 1910 quibus
679 1839 836 1892 Thilo
879 1840 1051 1892 altera
1092 1839 1478 1908 disputationis
1518 1857 1646 1893 suae
1685 1843 1842 1909 parte

148 1915 520 1985 quaestionem
558 1913 693 1967 facit
730 1932 828 1967 nec
867 1913 1141 1983 persuasit
1179 1913 1337 1978 mihi,
1379 1913 1484 1967 alio
1525 1913 1644 1966 loco
1687 1932 1840 1966 accub

149 1989 321 2041 ratius
362 1988 640 2041 disseram.
718 1987 842 2040 Etsi
874 1987 1044 2057 igitur
1085 1987 1148 2039 de
1188 1987 1300 2040 illis
1341 1988 1502 2040 rebus
1544 2006 1575 2039 a
1609 1986 1854 2040 'Philone'

147 2061 431 2130 dissentio,
491 2064 678 2114 tamen
733 2061 963 2114 libenter
1019 2061 1253 2115 concedo
1308 2079 1419 2114 non
1473 2061 1659 2130 paucis
1717 2079 1840 2113 eum

146 2136 281 2189 locis
321 2154 508 2188 ueram
547 2134 848 2188 restituisse
889 2135 1192 2188 lectionem.

258 2208 375 2262 Iam
421 2227 518 2278 per
558 2208 802 2278 singulos
850 2208 1020 2261 libros
1061 2209 1399 2262 coniecturas
1439 2209 1683 2261 uirorum
1723 2207 1841 2261 doc-

145 2286 350 2352 torum,
401 2301 534 2352 quos
576 2301 739 2352 supra
779 2282 1222 2350 commemoraui,
1270 2285 1531 2335 annotare
1574 2283 1841 2351 simulque

145 2359 325 2409 errata
364 2356 625 2414 nonnulla
665 2356 931 2426 corrigere
971 2360 1026 2409 et
1066 2356 1349 2409 emendare
1388 2355 1523 2408 mihi
1564 2354 1742 2409 liceat.

258 2582 426 2628 Liber
455 2583 498 2628 Ι.
581 2576 651 2629 33
686 2576 785 2644 1696
816 2576 1097 2629 conamine
1215 2576 1284 2628 36
1326 2575 1565 2645 agmina]
1609 2592 1838 2644 magnas

151 2649 328 2715 Thilo,
395 2650 531 2716 quod
595 2648 738 2702 haud
778 2650 904 2719 *scio
971 2666 1040 2702 an
1107 2653 1298 2702 rectum
1358 2650 1446 2715 sit,
1507 2650 1614 2702 nisi
1675 2649 1839 2702 Silius

146 2723 381 2790 scripsit:
421 2722 526 2775 dux
567 2721 722 2775 diuae
764 2722 965 2775 sufficit
1004 2741 1140 2776 unus
1181 2727 1266 2776 ete.
1419 2721 1489 2776 65
1530 2723 1562 2776 l.
1603 2722 1760 2792 Alpis

151 2797 218 2849 71
257 2796 474 2863 fortasse
511 2812 692 2849 uersus
729 2797 803 2849 sic
839 2797 1204 2849 restituendus:
1246 2796 1524 2849 addiderat
1565 2795 1840 2866 quondam

150 2869 256 2937 (uel
294 2868 529 2937 tantam)
572 2888 736 2938 puero
777 2870 885 2921 iam
924 2869 1132 2938 patrius
1175 2872 1371 2923 aestus
1517 2871 1622 2923 113
1665 2871 1694 2921 Ζ.
1735 2868 1837 2921 His

151 2943 298 2996 acuit
335 2944 567 2996 stimulis
609 2943 908 3012 subicitque
947 2943 1149 2996 sublata
1186 2944 1532 3006 distinctione;
1585 2945 1638 2995 in
1678 2960 1836 3010 appa-
