1988 3190
635 143 996 190 PUNICORUM
1024 135 1207 190 LIBER
1236 145 1357 191 XIII.
1770 147 1844 200 51⁴

154 281 402 353 Exiguos
440 280 644 335 format
679 299 778 350 per
815 280 994 351 prima
1032 281 1313 334 uolumina
1353 299 1533 352 gyros,
1785 297 1842 337 25

153 355 300 425 Mox,
337 355 635 408 tremulum
673 354 895 408 uibrans
935 357 1087 408 motu
1128 355 1393 425 gliscente
1433 355 1719 427 liquorem,

153 429 488 499 Multiplicat
525 429 742 482 crebros
782 428 986 481 sinuati
1026 429 1260 499 gurgitis
1301 429 1481 483 orbes:

152 504 340 558 Donec
378 506 653 572 postremo
693 503 890 556 laxatis
930 503 1163 556 circulus
1197 503 1307 556 oris

153 576 452 647 Contingat
490 577 734 646 geminas
773 578 964 646 patulo
1004 577 1313 630 curuamine
1351 577 1513 646 ripas.
1785 593 1840 632 29

226 650 304 705 At
329 654 516 713 contra
533 650 843 720 Argyripae
868 670 1096 720 prauum
1122 651 1281 704 decus
1312 681 1375 689 —
1395 651 1586 704 inclita
1609 670 1842 723 namque

153 724 370 780 Semina
409 725 476 778 ab
518 723 699 777 Oenea
739 725 978 779 ductoris
1021 725 1190 794 stirpe
1229 725 1484 778 trahebat

151 799 340 853 Aetoli
369 830 431 838 --
458 797 627 851 Dasio
665 798 772 851 fuit
809 799 956 851 haud
993 799 1235 868 ignobile
1273 817 1470 852 nomen
1500 829 1576 838 -—

151 872 354 927 Laetus
394 890 573 942 opum,
615 872 707 925 sed
746 873 938 926 clauda
977 873 1131 941 fides3
1172 890 1395 942 seseque
1436 873 1634 925 calenti

150 946 451 1000 Addiderat
489 946 688 1014 Poen0,
725 946 916 1000 Latiae
955 946 1164 1000 diffisus
1203 947 1447 1000 habenae
1476 976 1538 984 —

150 1021 221 1091 Is,
259 1022 486 1074 uoluens
525 1023 772 1073 ueterum
812 1024 1113 1074 memorata
1152 1021 1378 1089 antiqua
1415 1023 1726 1089 parentum:
1783 1034 1840 1074 35

154 1095 386 1165 ‘Long0,
425 1092 618 1162 miles?
658 1095 752 1165 ait,
790 1093 1066 1163 ‘quateret
1105 1113 1224 1149 cum
1265 1095 1493 1147 Teucria
1530 1094 1676 1147 bello

149 1168 434 1238 Pergama,
473 1171 528 1221 et
567 1168 635 1220 ad
673 1187 857 1221 muros
900 1172 1071 1222 staret
1110 1169 1225 1222 sine
1266 1167 1528 1238 sanguine
1569 1167 1806 1238 MauorS‚

155 1241 420 1296 Sollicitis
460 1239 690 1295 Calchas
721 1273 784 1282 —
810 1261 936 1296 nam
978 1243 1053 1296 sic
1091 1242 1423 1296 fort-issimus
1462 1242 1624 1295 heros

150 1316 405 1370 Poscenti
445 1334 632 1370 socero
675 1334 836 1384 saepe
875 1316 1018 1369 inter
1055 1317 1252 1386 pocula
1288 1316 1483 1369 Dauno

152 1389 429 1444 Narrabat
468 1390 694 1443 memori
732 1390 1022 1444 Diomedes
1065 1390 1283 1444 condita
1321 1392 1503 1442 mente
1540 1419 1602 1428 -—
1783 1404 1841 1462 40

153 1463 257 1517 Sed
297 1463 527 1518 Calchas
566 1464 788 1533 DanaiS‚
825 1464 932 1517 nisi
971 1466 1212 1517 clausum
1252 1482 1317 1516 ex
1356 1463 1574 1516 sedibus
1615 1464 1754 1518 arcis

150 1538 472 1591 Armisonae
512 1541 701 1590 curent
741 1539 1089 1591 simulacrum
1130 1537 1363 1590 auellere
1402 1537 1574 1605 diuae,

151 1610 280 1665 Non
317 1629 572 1680 umquam
614 1611 855 1664 affirmat
892 1611 1258 1680 Therapnaeis
1298 1611 1441 1663 Ilion
1481 1611 1646 1663 armis

153 1683 458 1755 Cessurum,
496 1688 589 1737 aut
626 1683 803 1738 Ledae
842 1686 1143 1738 rediturum
1180 1703 1380 1738 nomen
1416 1682 1694 1753 Amyclas·
1840 1747 1842 1749 ,

154 1758 365 1829 Quippe
403 1758 517 1812 deis
556 1759 747 1827 uisum,
785 1777 852 1811 ne
893 1760 979 1812 cui
1016 1776 1362 1829 perrumpere
1403 1758 1573 1826 detur,
1782 1772 1841 1813 45

150 1831 383 1902 Effigies
423 1850 486 1886 ea
526 1850 659 1902 quas
699 1851 958 1901 umquam
997 1833 1312 1902 possederit,
1350 1833 1528 1885 urbes,

156 1905 293 1959 Tum
335 1925 486 1959 meus
527 1906 778 1960 adiuncto
818 1910 1179 1960 monstratam
1220 1906 1402 1959 euadit
1438 1906 1495 1958 in
1535 1924 1713 1959 arcem

151 1978 388 2049 Tydides
426 1979 614 2034 Ithaco
656 1983 725 2051 et,
763 1980 952 2033 dextra
992 1981 1243 2034 amolitus
1282 1980 1337 2032 in
1376 1980 1496 2048 ipso

153 2050 415 2108 Custodes
455 2054 605 2107 aditu
643 2055 851 2124 templi,
890 2055 1121 2108 caeleste
1161 2057 1409 2123 reportat

150 2125 460 2180 Palladium
499 2146 560 2181 ac
599 2129 802 2181 nostris
844 2128 1020 2197 aperit
1058 2130 1202 2182 mala
1239 2127 1509 2197 Pergama
1545 2127 1693 2181 fatis.
1782 2140 1839 2181 50

272 2305 329 2346 30
370 2301 616 2360 Arglripae
658 2316 858 2359 prouum
895 2304 1066 2356 (errore
1096 2302 1442 2360 typoqraphieo)
1488 2301 1629 2345 decus
1659 2305 1720 2343 cn
1750 2301 1839 2370 {ap3

149 2361 576 2406 Drakenborchiwm
621 2360 884 2418 Argyripae
925 2375 1125 2418 prauum
1167 2362 1308 2406 decus
1351 2364 1411 2402 eh
1450 2373 1525 2416 ap.
1565 2360 1838 2404 Burmanni
1928 2367 1939 2378 ⁸

152 2419 269 2478 Syll.
301 2420 408 2464 III.
442 2434 510 2476 ep.
542 2423 635 2464 387
685 2421 765 2478 (Τ.
798 2434 850 2476 p.
890 2425 1014 2475 209)
1062 2446 1116 2454 —
1165 2420 1386 2477 argyripa
1432 2423 1464 2460 1.
1520 2418 1716 2475 agrippe
1762 2422 1838 2460 Ἐν

152 2477 378 2534 agrippae
411 2481 442 2520 0
476 2504 531 2510 —-
563 2492 760 2534 paruum
793 2483 823 2521 0
863 2493 1091 2534 proauum
1121 2479 1268 2527 Bothe
1387 2482 1442 2521 31
1478 2476 1636 2521 Oenea
1666 2481 1728 2520 eh
1758 2491 1838 2534 ap.

149 2537 314 2582 Bwrm.
348 2537 378 2580 ῖ.
404 2537 433 2582 l.
460 2540 491 2579 0
539 2549 656 2580 enea
684 2542 756 2579 LV
798 2551 974 2581 aenaea
1005 2543 1039 2580 Ε·
1160 2541 1214 2581 32
1246 2536 1404 2581 Aetoli
1435 2534 1576 2580 Dasio
1609 2536 1839 2581 Heinsius

149 2594 365 2640 Etolidas
396 2594 447 2638 id
469 2599 501 2637 1.
541 2596 784 2640 Aetolidas
814 2596 863 2640 id
885 2601 920 2638 F
959 2594 1211 2640 Etholidas
1242 2595 1292 2639 id
1317 2599 1388 2638 0V
1422 2594 1669 2639 Autolidas
1701 2594 1752 2639 id
1776 2599 1838 2638 eh

152 2655 227 2711 (T.
242 2668 289 2711 p.
306 2656 417 2709 211)
453 2653 695 2699 Oetolidas
718 2655 840 2699 inter
870 2655 1011 2711 uulyo
1049 2654 1242 2699 Aetolos
1266 2655 1389 2698 inter
1412 2653 1662 2699 Liuineius
1697 2653 1836 2699 Oeni-

150 2714 235 2758 das
265 2712 388 2758 inter
418 2713 714 2770 Dausqneius
834 2718 892 2758 34
923 2713 1099 2758 diffisus
1130 2718 1197 2757 Lo
1237 2712 1430 2757 diffusus
1461 2717 1535 2757 FV
1646 2717 1702 2757 41
1739 2727 1764 2758 e
1795 2717 1834 2755 V

149 2777 207 2817 47
246 2772 574 2849 monstratam]
616 2773 847 2817 sacratam
890 2771 1116 2818 Schrader
1147 2798 1202 2805 -
1236 2771 1398 2816 euadit
1429 2776 1455 2814 8
1502 2772 1657 2816 euasit
1695 2773 1837 2829 unlyo

150 2835 209 2876 48
240 2830 435 2888 Titydes
467 2836 499 2873 L
558 2830 744 2875 Pidides
782 2836 817 2874 Ε
870 2830 1093 2875 Thetides
1134 2835 1165 2874 0
1219 2830 1413 2887 Tytides
1443 2834 1481 2873 V
1521 2855 1578 2864 —
1617 2831 1838 2876 amolitus

151 2890 335 2935 Gronov
367 2895 409 2936 et
439 2890 663 2935 Heinsius
707 2890 900 2935 molitus
932 2894 959 2933 8
1092 2894 1148 2935 50
1186 2889 1311 2935 male
1342 2891 1409 2936 ed.
1441 2889 1573 2944 Rom.
1605 2895 1638 2937 ‚2
1671 2890 1835 2947 probb.

149 2949 347 2995 Heinsio
378 2949 571 3006 aliisque

1417 3022 1485 3069 4·
