1988 3190
625 146 984 193 PUNICORUM
1013 146 1194 190 LIBER
1223 145 1367 191 XVII.
1729 145 1836 200 165

148 283 206 338 Si
243 286 450 355 renuat,
489 282 687 337 blando
727 283 956 337 nimium
986 282 1242 353 facilique
1282 282 1477 335 marito

147 356 370 412 Statura
410 358 669 427 obsequia
709 361 763 410 et
800 357 1030 410 thalami
1067 356 1352 427 flagrantis
1393 373 1620 408 amores.

223 431 312 486 Sic
349 431 540 484 Latius
578 432 847 501 permixta
886 432 1066 501 minis,
1105 431 1198 483 sed
1237 448 1392 483 cassa
1430 428 1686 483 monebat

146 505 376 576 Duct0r3
413 524 542 572 nam
579 505 769 559 surdas
810 506 1003 559 coniux
1045 505 1391 558 obstruxerat
1431 522 1604 557 aures.

146 579 315 650 Erg0‚
354 597 512 649 asper
550 580 774 633 monitis
812 579 1019 632 frustra
1057 579 1373 647 nitentibus,
1414 595 1570 631 enses
1781 587 1837 630 85

146 652 396 707 Aduocat
435 656 504 722 et,
543 656 720 707 castas
759 653 960 724 polluti
997 652 1227 706 foederis
1268 670 1391 704 aras

146 727 419 798 TestatUS,
455 727 609 781 uaria
648 727 881 780 Martem
920 730 1104 780 mouet
1143 726 1376 796 impiger
1415 728 1547 779 arte.

148 800 359 869 Castra,
396 802 506 853 leui
547 802 756 854 calamo
798 819 1074 870 cannaque
1113 800 1318 852 intecta
1355 798 1605 869 palustri,
1698 833 1700 835 v

149 875 342 938 Qualia
380 875 602 928 Maurus
642 878 791 928 amat
832 875 1074 944 dispersa
1111 873 1349 942 mapalia
1387 876 1592 942 pastor,

147 949 500 1019 Aggreditur,
537 950 746 1002 furtum
787 967 1060 1002 armorum
1099 948 1406 1001 tutantibus
1444 946 1672 1016 umbris„
1779 958 1836 999 90

149 1021 232 1075 Ac
270 1023 438 1075 tacita
479 1024 693 1093 spargit
732 1023 907 1076 celata
945 1021 1197 1075 incendia
1234 1024 1407 1075 nocte.

147 1095 295 1164 Inde,
332 1096 428 1149 ubi
467 1097 682 1150 collecti
721 1096 968 1166 rapidam
1009 1094 1304 1148 diffundere
1345 1097 1552 1164 pestem

149 1169 459 1239 Coeperunt
496 1171 651 1241 ignes
693 1173 748 1223 et
788 1188 843 1223 se
883 1188 979 1240 per
1017 1169 1242 1240 pinguia
1282 1185 1481 1238 magno

148 1243 362 1296 Pabula
399 1243 541 1297 ferre
581 1263 729 1312 son0‚
770 1245 913 1297 clare
955 1244 1299 1313 expatiantur
1337 1242 1392 1294 in
1434 1261 1592 1295 auras

149 1316 223 1370 Et
261 1317 438 1370 fumos
478 1319 687 1372 uolucri
726 1318 1037 1387 propellunt
1074 1316 1277 1369 lumine
1310 1317 1573 1371 flammae.
1780 1327 1837 1368 95

148 1390 203 1443 It
242 1391 375 1444 totis
413 1391 636 1444 inimica
674 1392 790 1444 lues
831 1409 953 1444 cum
991 1391 1207 1443 turbine
1247 1390 1458 1458 castris,

150 1463 333 1533 Atque
374 1464 635 1518 alimenta
674 1467 833 1518 uorat
872 1465 1103 1534 strepitu
1142 1463 1419 1516 Uulcanus
1459 1462 1653 1516 anhelo

150 1537 337 1608 Arida,
379 1541 433 1590 et
473 1556 538 1591 ex
578 1539 726 1592 omni
765 1541 991 1591 manant
1029 1537 1277 1591 incendia
1315 1540 1476 1590 tecto.

152 1609 399 1664 Sentitur
438 1612 711 1682 plerisque
751 1613 917 1681 priu8‚
957 1630 1117 1681 quam
1161 1610 1411 1681 cernitur,
1448 1610 1591 1681 ignis

148 1685 361 1738 Excitis
404 1703 610 1750 somne,
649 1687 1051 1754 multorumque
1091 1703 1187 1738 ora
1227 1688 1516 1738 uocantum
1754 1696 1839 1737 100

150 1758 434 1811 Auxilium
472 1759 737 1813 inuadunt
775 1759 1041 1812 flammae.
1101 1758 1225 1811 fluit
1263 1759 1502 1827 undique
1540 1759 1718 1811 uictor

150 1830 418 1885 Mulciber
457 1837 511 1886 et
547 1833 750 1902 rapidis
792 1833 1129 1901 amplexibus
1171 1850 1321 1885 arma
1362 1832 1616 1901 uirosque

151 1903 411 1975 Corripit3
452 1907 685 1960 exundat
723 1907 912 1975 pestiS‚
952 1908 1298 1975 semustaque
1339 1909 1518 1959 castra

148 1978 376 2032 Albenti
415 1981 652 2034 uolitant
690 1999 786 2050 per
824 1981 1012 2033 nubila
1053 1998 1265 2032 summa
1303 1979 1514 2033 fauilla.

147 2051 324 2121 Ipsius
365 2053 575 2124 ingenti
614 2054 759 2125 regis
798 2053 1035 2106 tentoria
1072 2054 1215 2106 saltu
1755 2065 1838 2106 105

270 2246 326 2286 83
350 2241 509 2300 minis]
533 2241 672 2287 nimis
689 2247 771 2298 ΒΕ,
795 2242 873 2286 secl
896 2242 949 2286 in
971 2246 1005 2283 F
1043 2239 1182 2285 minis
1207 2255 1263 2285 m.
1289 2243 1322 2285 2
1345 2254 1574 2297 suprascr.
1607 2238 1744 2284 unius
1766 2243 1837 2282 ov

150 2323 207 2331 —
242 2300 323 2343 sed
354 2300 600 2346 Liuineius
639 2303 687 2345 et
717 2305 743 2343 S
783 2301 834 2344 at
856 2301 1009 2345 Barth
1040 2301 1211 2357 aliique
1241 2325 1297 2332 —
1330 2299 1552 2343 monebat
1573 2303 1642 2341 LE·
1679 2312 1837 2343 moue-

150 2359 244 2423 bat·
267 2362 333 2400 ov
536 2363 590 2404 87
624 2359 776 2426 uaria]
815 2358 951 2425 uasta
980 2359 1205 2403 Heinsius
1245 2416 1254 2425 ι
1408 2362 1463 2402 88
1497 2371 1738 2426 cannaque
1769 2362 1838 2400 1213·

151 2419 1124 2533 wizam93111312333335311222233222
1135 2416 1836 2530 ¹6⁰ni²t²et3t²itffis²31m33usseigffli

154 2532 358 2578 celerata
389 2534 615 2580 Heinsius
781 2540 836 2580 92
870 2535 1069 2581 coniecti
1100 2535 1341 2590 Heinsius,
1370 2536 1447 2579 sed
1478 2535 1537 2589 ef.
1552 2534 1647 2578 IX.
1667 2537 1763 2580 602
1782 2559 1838 2566 —

153 2592 362 2636 rabidam
394 2597 430 2635 1?
592 2598 648 2638 94
680 2594 832 2638 clarae
864 2593 1110 2639 Burmann
1155 2594 1252 2638 late
1284 2593 1508 2638 Heinsius
1539 2596 1580 2637 et
1611 2592 1838 2638 Schrader

154 2652 210 2694 95
243 2636 396 2717 fumos
418 2656 485 2693 ΒΕ
524 2651 680 2697 frenos
706 2656 776 2696 ov
815 2666 969 2697 ramos
1000 2653 1297 2710 Dausqueius
1333 2652 1552 2696 tenebras
1586 2651 1771 2707 Withof
1779 2675 1836 2685 —-

152 2709 341 2754 flumme
372 2710 524 2755 Barth
556 2736 610 2743 —-
643 2711 705 2755 Et
733 2710 916 2755 uolucri
954 2711 1146 2756 effrenes
1186 2727 1229 2768 p.
1261 2711 1293 2755 l.
1324 2711 1536 2755 flammas
1575 2713 1649 2757 uel
1685 2710 1746 2755 Et
1788 2725 1836 2755 se

153 2781 261 2812 mox
283 2782 326 2812 u.
352 2783 397 2825 p.
423 2769 454 2813 1.
478 2769 692 2814 flammae
716 2770 942 2815 Heinsius
981 2769 1043 2815 Et
1066 2769 1244 2815 Poenos
1268 2784 1312 2813 u.
1338 2785 1381 2826 p.
1409 2769 1596 2814 flamine
1621 2770 1837 2814 flammae

152 2826 402 2872 Burmann
545 2832 601 2873 96
634 2829 759 2887 cum]
795 2842 879 2874 ceu
911 2828 1135 2874 Heinsius
1166 2833 1207 2873 et
1247 2828 1431 2883 Withof
1558 2833 1612 2874 97
1644 2827 1778 2872 uolat
1808 2833 1835 2870 s

148 2890 238 2933 ,101
287 2885 410 2944 fluit]
457 2885 571 2930 furit
615 2887 839 2933 Heinsius
1019 2892 1102 2931 102
1142 2887 1373 2932 Mulciber
1406 2891 1477 2931 OV
1521 2886 1737 2932 Mulcifer
1767 2890 1836 2929 ΒΕ

157 2945 234 3000 (ef.
262 2945 357 2990 IV.
384 2948 503 3000 668,·
536 2945 657 2991 XII.
684 2949 791 3002 141)
915 2949 1001 2991 104
1032 2945 1223 2992 Albenti
1255 2951 1282 2989 s
1329 2946 1525 2992 Ardenti
1554 2947 1695 3004 uulyo
