1988 3190
597 146 955 192 PUNICORUM
985 146 1169 191 LIBER
1200 146 1299 191 XII.
1721 147 1792 201 33

102 283 396 337 Exsatiant
432 283 539 336 iras
581 283 795 336 cladum
835 283 1091 352 caeloque
1132 285 1384 336 cruentos

102 356 367 411 Certatim
405 360 686 411 ostentant
725 360 779 410 et
819 357 901 410 dis
941 357 1208 410 ultoribus
1249 373 1422 410 enses.

101 431 201 484 Ille
241 430 354 484 dies
392 431 599 501 primus
641 431 839 499 docuit,
879 431 1022 500 quod
1063 431 1278 484 eredere
1316 448 1475 484 nemo

101 503 343 558 Auderet
381 504 606 575 superiS,
645 503 838 558 Martis
880 505 1176 558 certamine
1217 504 1338 557 sisti

100 578 267 632 Posse
290 579 479 632 ducem
503 578 725 648 Libyae.
764 581 988 649 raptant
1012 597 1302 648 currusque
1335 578 1589 647 uirosque
1704 592 1790 632 275

100 651 507 722 Massylamque
545 653 739 722 feram3
781 657 836 706 et
874 653 1015 706 uiuis
1056 653 1247 706 auulsa
1285 655 1569 721 reportant

101 725 367 797 Tegmina
402 727 708 780 bellantum
750 729 914 796 atque
962 727 1185 797 abeunt,
1230 727 1329 779 sub
1378 726 1596 795 cuspide
1635 728 1792 797 terga

103 799 356 854 Contenti
395 801 593 854 uidisse
633 801 797 855 ducis.
860 804 978 854 tum
1017 799 1211 854 Martis
1252 800 1559 870 adaequant

101 873 419 927 Marcellum
459 874 653 928 decori.
716 875 962 945 graditur
1001 876 1293 928 comitante
1332 874 1611 943 triumpho

103 947 294 1018 Maior,
332 966 494 1017 quam
531 947 698 1001 ferret
737 967 858 1001 cum
898 948 1073 1002 uictor
1113 949 1295 1018 opima
1333 947 1584 1001 Tonanti.
1705 961 1792 1002 280

174 1021 305 1074 Inde
343 1021 543 1087 furenS,
581 1025 875 1092 postquam
914 1022 1064 1075 uallo
1103 1024 1196 1075 uix
1236 1022 1448 1091 depulit
1485 1021 1717 1089 hostem,

100 1094 307 1148 Ductor
344 1094 688 1165 Agenoreus:
730 1094 984 1158 ‘Quando
1023 1096 1162 1150 hane
1203 1099 1513 1166 quantoque
1554 1113 1742 1149 cruore

100 1168 307 1221 Hostili
345 1169 527 1222 labem
567 1170 830 1224 eluerim‘?
869 1188 992 1223 mea
1030 1173 1189 1240 terga
1227 1170 1411 1223 uidere

102 1240 348 1312 Contigit
384 1242 696 1297 Ausoniae?
752 1244 943 1314 mene,'
982 1244 1175 1313 inquit,
1216 1245 1446 1298 ‘summe
1479 1243 1718 1312 deorum,

99 1315 233 1370 Post
261 1316 515 1370 Trebiam
555 1318 753 1371 statuis
792 1321 907 1372 tam
947 1319 1096 1388 turpi
1134 1317 1323 1386 funere
1364 1317 1625 1387 dignum?
1705 1329 1790 1370 285

100 1388 337 1460 Uosque,
375 1391 582 1445 inuicta
621 1392 727 1462 diu,
765 1410 908 1446 nunc
946 1392 1054 1445 heu
1095 1393 1207 1445 sine
1246 1391 1425 1445 Marte
1464 1391 1715 1444 iuuentus

101 1462 387 1518 Debellata
427 1465 585 1519 bonis
627 1465 858 1536 Capuae,
896 1485 1007 1519 non
1046 1466 1277 1536 degener
1316 1466 1433 1534 ipse

104 1535 396 1591 Gestorum
433 1538 692 1592 Ausoniis
731 1541 873 1592 uerti
912 1539 1161 1593 uictricia
1202 1540 1373 1609 signa,

102 1609 277 1663 Uobis
317 1614 475 1680 terga
514 1612 648 1665 dedi.
710 1613 839 1682 uidi,
878 1630 999 1666 cum
1039 1613 1108 1667 ad
1146 1613 1291 1666 bella
1328 1629 1598 1680 uocarem,

99 1682 228 1737 Non
267 1702 419 1738 secus
462 1688 623 1756 atque
646 1685 789 1740 Italo
829 1685 1018 1757 fugere
1059 1706 1091 1740 a
1125 1687 1346 1740 ductore
1385 1686 1652 1755 pauentis,
1701 1699 1788 1739 290

102 1756 242 1819 Quid
281 1759 549 1828 reliquum
587 1760 752 1829 prisci
791 1759 985 1813 Martis
1023 1760 1143 1830 tibi,
1184 1760 1278 1830 qui
1316 1760 1444 1812 dare
1486 1763 1640 1829 terga

99 1830 186 1884 Me
225 1835 512 1886 reuocante
551 1833 773 1903 potes?
827 1834 1114 1887 Fundebat
1149 1834 1286 1887 talia
1326 1833 1564 1902 Poenus3

14 1971 16 1974 .
100 1904 177 1957 Et
215 1904 407 1959 Latiae
448 1925 562 1960 sese
600 1906 820 1961 Nolana
860 1908 927 1961 ad
967 1909 1182 1961 moenia
1219 1912 1450 1977 turmae,

102 1978 394 2033 Portantes
435 1981 612 2051 spolia
650 1981 855 2051 insigni
894 1982 1145 2051 clamore,
1184 1982 1449 2035 ferebant.

176 2052 251 2104 At
290 2056 548 2107 consueta
587 2055 770 2126 grauis
811 2074 909 2125 per
949 2056 1172 2126 longum
1214 2056 1396 2109 audire
1430 2072 1649 2107 suorum
1702 2067 1788 2108 295

99 2124 346 2180 Euentus
385 2126 561 2181 Roma
599 2132 654 2182 et
691 2147 989 2199 numquam
1027 2133 1269 2183 recreata
1309 2128 1574 2199 secundiS,

104 2200 291 2253 Allato
332 2201 553 2254 tandem
594 2202 805 2256 faustae
846 2203 1139 2257 certamine
1177 2219 1410 2274 pugnae,

7 2271 18 2315 ἶ
99 2271 349 2344 Erigitur
385 2276 670 2345 primoque
710 2277 867 2330 deum
909 2295 964 2331 se
1004 2296 1227 2330 munere
1266 2277 1432 2330 tollit.

19 2339 25 2401 s
100 2346 246 2400 Ante
286 2349 462 2402 omnis
501 2350 661 2419 pigra
698 2350 756 2403 in
794 2350 1026 2404 Martem
1063 2350 1386 2421 fugiensque
1428 2349 1692 2418 laborum,

101 2418 245 2473 Dum
282 2421 486 2475 bellum
523 2426 694 2492 tonat,
734 2427 788 2476 et
827 2441 942 2477 sese
980 2424 1162 2477 furata
1200 2426 1452 2477 iuuentus
1701 2435 1788 2475 300

0 2500 19 2553 Ὗ,
101 2491 212 2545 Dat
249 2511 450 2562 poenas
489 2496 750 2566 latebrae,
788 2500 922 2566 tum,
963 2498 1054 2567 qui
1095 2498 1372 2551 dulcedine
1412 2495 1558 2548 uitae

102 2565 365 2620 Inuenere
405 2569 558 2622 dolos
598 2570 880 2640 iurataque
918 2570 1138 2624 foedera
1175 2571 1357 2623 Poeno

106 2636 422 2710 Corrupere‚
459 2645 656 2695 notant
694 2646 748 2696 et
785 2646 1024 2712 purgant
1063 2644 1284 2697 crimine
1324 2645 1556 2714 gentem.

223 2774 308 2815 273
340 2771 518 2828 primus
551 2776 611 2815 eh
702 2777 786 2817 277
823 2773 907 2817 sub
941 2773 1118 2818 casside
1143 2774 1440 2830 Dausqueius
1531 2778 1617 2819 285
1643 2773 1790 2818 statui

7 2857 11 2865 ·
102 2828 343 2885 Heinsius,
359 2831 479 2887 quod
488 2832 619 2888 prob.
637 2831 839 2888 Ruperti
855 2857 910 2864 —
928 2832 1057 2889 turpi
1073 2836 1180 2875 LFV
1204 2831 1332 2877 tristi
1348 2837 1379 2875 0
1468 2836 1554 2878 289
1573 2833 1635 2876 ad
1650 2846 1733 2879 om.
1752 2836 1789 2874 V

104 2891 190 2931 293
206 2887 270 2931 At
290 2902 374 2933 nos
434 2894 520 2934 294
538 2889 740 2948 spolium
760 2895 820 2933 oh
881 2894 966 2935 295
985 2890 1049 2935 At
1071 2891 1165 2935 iam
1190 2893 1322 2936 sueta
1347 2892 1534 2947 Withof
1608 2896 1694 2936 296
1719 2904 1789 2935 re-

10 2955 20 3016 ·“
107 2947 268 2991 creata
291 2952 365 2990 em
386 2948 479 3005 Ep.
506 2953 565 2995 53
596 2954 664 2992 LE·
703 2962 911 2995 recreare
945 2954 1015 2992 ov
1088 2955 1174 2995 300
1206 2951 1365 2996 fucata
1393 2956 1426 2993 1.
1495 2955 1579 2995 301
1614 2949 1726 3006 quid
1758 2954 1791 2992 1.

193 3027 328 3062 Srmus
351 3029 554 3065 Iramcus.
586 3032 637 3063 ΙΙ.
1406 3029 1432 3068 3
