1982 3224
564 94 744 140 PUNIC
751 95 924 141 ORUM
954 95 1136 139 LIBER
1166 97 1243 141 XI.
1724 98 1758 151 3

69 232 207 285 Tum
245 231 448 301 populo
490 232 639 284 saeui
677 234 878 300 patrm,
915 231 1208 301 plebesque
1249 235 1468 286 senatus

66 305 280 358 Inuidia
318 305 479 374 laeta,
518 309 572 358 et
611 304 871 358 collidens
913 306 1130 359 dissona
1169 306 1330 360 corda
1699 322 1755 362 45

68 377 285 433 Seditio.
327 379 420 432 sed
460 380 603 432 enim
640 379 850 432 interea
887 380 1178 433 temeraria
1213 380 1375 449 pubis

67 453 279 507 Delicta
317 454 570 524 augebat,
608 452 871 522 pollutior
907 453 1042 523 ipsa,
1083 457 1346 507 senectus

64 525 195 596 Nec,
235 545 369 598 quos
409 527 517 580 uile
557 543 726 596 genus
767 527 1125 597 despectaque
1163 527 1298 581 lucis
1339 528 1494 599 origo

64 600 359 670 Foedabat‚
399 617 614 671 sperare
653 601 757 654 sibi
797 604 851 654 et
891 602 1177 671 deposcere
1216 601 1378 671 primi

63 674 304 728 Deerant
341 675 569 744 imperia
609 693 671 728 ac
708 676 919 744 patriae
958 675 1232 745 pereuntis
1272 676 1526 730 habenas
1694 692 1751 731 50

63 748 205 811 Quin
245 749 410 802 etiam
450 748 750 802 exhilarare
790 749 924 802 uiris
963 749 1215 803 conuiuia
1253 751 1412 803 caede

63 822 182 876 Mos
224 822 371 892 olim,
411 826 466 875 et
503 822 729 877 miscere
769 823 942 892 epulis
984 824 1293 893 spectacula
1334 824 1451 877 dira

63 894 381 950 Certantum
420 896 587 965 ferro,
627 915 786 967 saepe
826 900 881 950 et
920 915 1081 967 super
1119 899 1239 966 ipsa
1278 897 1562 951 cadentum

60 969 280 1041 Pocula,
318 970 578 1040 respersis
616 989 726 1024 non
764 989 928 1040 parco
970 971 1232 1041 sanguine
1272 972 1488 1026 mensis,

131 1043 249 1097 Has
289 1048 411 1097 astu
451 1061 757 1114 aggressuS‚
795 1062 900 1113 quo
939 1048 1178 1098 uerteret
1215 1045 1391 1098 acrius
1431 1063 1621 1116 aegras
1690 1061 1747 1101 55

58 1118 143 1170 Ad
181 1117 375 1187 Tyrios
414 1121 639 1188 mentes,
677 1136 811 1187 quae
849 1119 1002 1172 nulla
1041 1122 1189 1172 sorte
1230 1120 1479 1173 daturam

54 1189 247 1245 Certus
266 1195 384 1245 erat
396 1191 627 1245 Romam
645 1221 708 1230 ——
723 1211 897 1261 neque
916 1194 1059 1246 enim
1075 1193 1416 1263 impetranda
1431 1195 1656 1248 uolebat
1672 1226 1740 1234 —

55 1265 289 1319 Pacuuio
329 1265 434 1318 fuit
471 1266 615 1319 haud
657 1266 945 1320 obscurum
984 1267 1207 1320 crimine
1244 1285 1444 1320 nomen
1487 1299 1549 1306 —-

55 1339 322 1392 Hortatur
361 1340 556 1392 summi
595 1343 808 1410 partem
850 1341 1137 1410 deposcere
1174 1341 1308 1393 iuris

54 1414 236 1482 Atque
276 1413 570 1466 alternatos
611 1414 818 1467 sociato
859 1416 1078 1468 consule
1116 1414 1314 1484 fasces3
1690 1431 1746 1470 60

53 1486 143 1556 Et,
186 1486 232 1540 si
267 1487 473 1557 partita
510 1492 741 1540 renuant
780 1488 982 1541 sedisse
1022 1489 1196 1541 curuli

55 1562 467 1629 Aequatumque
507 1561 666 1614 decus
707 1562 1058 1631 geminasque
1096 1562 1280 1615 uidere
1321 1579 1549 1627 secureS,

56 1633 307 1687 Ultorem
347 1639 472 1687 ante
513 1635 697 1688 oculos
738 1637 898 1704 atque
939 1653 1035 1689 ora
1073 1639 1252 1688 astare
1291 1636 1552 1704 repulsae.

52 1707 201 1778 Ergo
242 1708 415 1761 electa
453 1726 645 1761 manus
685 1725 876 1778 gressu
914 1708 1021 1761 fert
1061 1709 1204 1762 dicta
1243 1709 1426 1762 citato,

54 1782 299 1834 Antistat
338 1781 545 1835 cunctis
583 1783 915 1851 praecellens
955 1782 1170 1836 Uirrius
1211 1800 1318 1852 ore,
1686 1798 1741 1838 65

53 1854 156 1907 Sed
195 1872 364 1925 genus
403 1857 690 1909 obscurum
729 1856 975 1925 nullique
1014 1857 1195 1910 furore
1236 1856 1512 1910 secundus

53 1927 154 1991 Qui
193 1932 482 1998 postquam
521 1933 679 1982 coetu
718 1934 935 1999 patrum
974 1930 1287 2000 ingentique
1328 1933 1518 1983 senatu

53 2001 233 2071 Impia
272 2002 536 2055 dementis
574 2003 727 2072 uulgi
765 2022 827 2057 ac
867 2004 957 2056 uix
995 2007 1116 2058 tota
1153 2003 1395 2073 profudit

168 2138 226 2176 44
258 2134 433 2191 populo
463 2133 616 2178 auersi
646 2134 719 2178 uel
751 2134 923 2191 populo
956 2134 1079 2178 serui
1109 2134 1333 2179 Heinsius
1476 2138 1534 2178 45
1567 2133 1738 2179 Inuida

50 2190 265 2237 lautitiae
305 2191 491 2247 Withof
520 2217 576 2224 —
616 2191 746 2237 laeta
786 2197 857 2235 cm
895 2192 987 2249 Ep.
1015 2198 1102 2238 101
1134 2199 1167 2236 1.
1213 2193 1288 2247 (T.
1307 2207 1356 2251 p.
1383 2195 1504 2248 225)
1545 2191 1674 2237 latea
1705 2198 1740 2235 F

48 2251 126 2305 (ef.
152 2251 252 2295 IX.
279 2253 389 2306 504)
422 2252 578 2295 lacera
609 2255 680 2293 ov
719 2250 847 2295 elata
877 2252 1105 2297 Heinsius
1146 2252 1244 2297 feta
1275 2251 1503 2296 Schrader
1575 2255 1632 2295 46
1663 2250 1734 2295 in-

49 2309 197 2367 terea]
237 2310 427 2354 tenerae
466 2309 665 2366 Ruperti
709 2309 918 2355 incestae
961 2311 1096 2356 Thilo
1142 2311 1348 2355 infectae
1389 2323 1473 2354 rios
1504 2335 1559 2342 —
1591 2310 1732 2365 pubis

49 2367 201 2412 Barth
245 2368 392 2424 pubes
434 2373 460 2410 8
663 2373 722 2414 48
762 2369 1077 2426 despectaque
1117 2374 1147 2413 0
1204 2370 1507 2426 dispectaquc
1547 2372 1608 2410 ch
1623 2372 1730 2410 ΠΥ

49 2430 107 2470 50
135 2424 336 2482 imperia
359 2432 431 2470 om
453 2426 547 2479 Ep.
572 2431 658 2471 101
752 2432 805 2472 51
840 2428 1048 2472 exhilare
1071 2432 1137 2471 Lo
1185 2429 1359 2472 exilare
1382 2431 1456 2469 Fv
1540 2431 1596 2470 52
1623 2426 1726 2471 diro
1786 2438 1788 2440 ’

48 2485 272 2530 Heinsius
391 2489 448 2529 55
479 2484 579 2530 Hac
610 2486 762 2531 Barth
890 2490 946 2531 56
979 2500 1098 2544 quae
1128 2491 1201 2529 Ἑν
1248 2500 1338 2543 que
1368 2489 1435 2528 Lo
1483 2484 1596 2540 quia
1627 2486 1728 2531 edd.

42 2545 286 2600 pleraeque
406 2549 460 2587 57
494 2543 790 2600 impetranda
819 2545 1069 2590 Liuineius
1098 2545 1354 2601 impetrata
1385 2549 1411 2587 8
1457 2542 1732 2600 imperitate,

48 2601 188 2647 Blass
315 2606 372 2646 58
404 2602 608 2647 Pacuuio
640 2603 833 2648 Marsus
862 2603 1034 2648 Paculo
1060 2609 1120 2647 ch
1149 2602 1371 2648 Paccullo
1404 2607 1472 2645 Iar
1510 2602 1676 2647 Patulo
1703 2607 1733 2646 0

48 2660 256 2706 Pattullo
289 2665 327 2704 V
373 2659 546 2705 Pacuio
578 2661 635 2706 L.
657 2663 857 2707 Mueller
879 2664 923 2707 d.
948 2676 986 2708 r.
1011 2676 1068 2706 m.
1086 2677 1137 2719 p.
1163 2666 1255 2708 251
1276 2688 1331 2695 —
1349 2660 1582 2706 Pacuuius
1607 2661 1736 2705 subit

51 2745 105 2753 —
136 2720 362 2765 Hortatus
386 2720 579 2777 Bentley
692 2725 746 2764 62
779 2720 1140 2777 Aequatumque
1173 2724 1204 2763 0
1249 2720 1640 2777 Aequantumque
1665 2725 1734 2762 ΒΕ

48 2777 407 2834 Equantumque
439 2783 477 2822 V
657 2783 713 2822 65
751 2779 925 2824 Uirrius
957 2785 1017 2824 Oh
1197 2784 1254 2824 66
1290 2780 1513 2824 obscurus
1544 2778 1736 2824 Modius

50 2840 104 2881 67
137 2837 178 2883 h.
212 2852 256 2882 u.
290 2839 418 2884 eiecit
450 2837 653 2893 Marsus,
685 2839 880 2884 inseruit
909 2851 1072 2884 rursus
1103 2851 1159 2883 ex
1192 2837 1283 2884 Col.
1308 2838 1500 2884 Medius
1525 2838 1617 2894 Ep.
1645 2842 1730 2883 101

51 2899 107 2939 68
140 2909 194 2940 ac
227 2900 285 2939 cd
334 2897 409 2951 (T.
429 2911 478 2954 p.
504 2899 619 2953 215)
653 2902 679 2939 s
719 2898 768 2942 et
797 2898 937 2956 uulyo
963 2923 1015 2931 —
1049 2897 1292 2953 profundit
1324 2903 1351 2940 8

1320 2970 1379 3014 1*
