1988 3190
186 137 258 191 70
856 138 970 184 SILI
999 137 1224 184 ITALICI

185 274 497 344 Limosique
536 275 710 345 lacus3
749 275 902 345 large
943 274 1339 328 exundantibus
1379 276 1488 328 urit

185 348 357 419 Ripas
399 367 592 402 saeuus
634 348 789 418 aquis
827 347 1172 418 Phlegethon
1211 352 1281 420 et,
1317 349 1538 403 turbine
1577 350 1775 405 anhelo

183 422 554 476 Flammarum
592 441 869 492 resonanS,
908 441 1103 476 saxosa
1140 424 1387 477 incendia
1425 426 1660 495 torquet.
1787 438 1874 479 565

182 497 348 551 Parte
389 498 499 550 alia
536 501 749 550 torrens
790 496 1020 566 Cocytos
1063 497 1346 566 sanguinis
1387 499 1495 551 atri

181 570 492 625 Uerticibus
532 571 667 625 furit
707 576 760 624 et
800 570 1076 641 spumanti
1116 571 1334 642 gurgite
1371 571 1560 627 fertur.

181 643 274 715 At,
316 647 530 716 magnis
563 664 775 714 semper
815 645 954 698 diuis
993 646 1216 716 regique
1255 646 1479 699 deorum

181 718 358 772 Iurari
398 719 624 791 dignata
663 721 835 790 paIUS,
873 719 1009 789 picis
1048 719 1270 773 horrida
1307 720 1441 790 riUO,

179 792 517 847 Fumiferum
556 794 734 847 uoluit
773 792 909 863 Styx
947 793 1091 846 inter
1131 793 1392 862 sulphura
1429 794 1639 848 limum.
1784 809 1870 850 570

179 867 412 921 Tristior
450 868 535 921 his
575 868 829 922 Acheron
868 868 1017 921 sanie
1059 885 1347 937 crassoque
1386 886 1593 922 ueneno

179 942 414 995 Aestuat
454 946 524 1008 et,
564 943 802 1012 gelidam
841 946 1089 995 eructans
1130 960 1252 995 cum
1285 960 1556 995 murmure
1595 943 1871 1014 harenam,

179 1015 470 1070 Descendit
507 1017 669 1086 nigra
709 1017 888 1069 lentus
928 1034 1025 1085 per
1065 1019 1264 1086 stagna
1299 1016 1511 1086 palude.

180 1089 338 1144 Hanc
376 1093 534 1160 potat
574 1090 781 1143 saniem
819 1109 929 1143 non
969 1108 1076 1143 uno
1113 1088 1378 1143 Cerberus
1420 1103 1533 1144 ore.'

179 1163 331 1217 Haec
372 1167 427 1217 et
460 1164 786 1233 Tisiphones
828 1167 954 1217 sunt
993 1165 1203 1233 pocula,
1243 1168 1298 1217 et
1337 1167 1455 1217 atra
1485 1164 1742 1235 Megaera
1781 1179 1868 1221 575

179 1237 337 1291 Hanc
376 1239 508 1308 sitit,
550 1257 612 1291 ac
650 1239 803 1292 nullo
842 1237 1022 1291 rabies
1062 1239 1422 1308 restinguitur
1464 1239 1680 1293 haustU.

178 1311 420 1365 Ultimus
461 1313 695 1381 erumpit
735 1313 1080 1365 lacrimarum
1118 1311 1364 1365 fontibus
1405 1312 1580 1366 amnis

178 1385 322 1440 Ante
363 1387 544 1439 aulam
585 1391 747 1456 atque
788 1386 966 1440 aditus
1008 1389 1062 1438 et
1101 1386 1432 1439 inexorabile
1473 1387 1656 1440 limen.

254 1460 469 1524 Quanta
509 1460 721 1527 cohorS,
759 1462 908 1514 omni
947 1460 1255 1514 stabulante
1294 1479 1391 1529 per
1431 1462 1571 1514 atria
1603 1465 1868 1533 monstro,

174 1533 426 1588 Excubat
464 1538 518 1587 et
559 1535 733 1588 manis
772 1535 1040 1603 permixto
1084 1553 1355 1587 murmure
1395 1537 1583 1589 terret!
1777 1551 1864 1591 580

176 1608 378 1662 Luctus
420 1609 554 1662 edax
592 1609 916 1677 Maciesque,
957 1608 1115 1662 malis
1156 1626 1335 1662 comes
1377 1609 1561 1662 addita
1599 1611 1822 1681 morbiS,

175 1682 252 1735 Et
289 1683 506 1736 Maeror
545 1686 735 1751 pastus
774 1682 938 1736 Fletu
978 1687 1032 1736 et
1071 1683 1186 1735 sine
1228 1683 1493 1752 sanguine
1530 1683 1717 1738 Pallor

178 1755 457 1826 Curaeque
488 1757 827 1826 Insidiaeque
869 1761 1032 1826 atque
1073 1757 1198 1809 hinc
1231 1757 1566 1825 queribunda
1594 1756 1868 1829 SenectuS,

175 1829 318 1884 Hinc
358 1848 562 1900 angens
603 1834 832 1899 utraque
873 1849 1038 1883 manu
1078 1849 1176 1883 sua
1215 1833 1439 1899 guttura
1477 1830 1643 1884 Liuor

175 1904 267 1973 Et,
306 1904 544 1957 deforme
585 1905 791 1957 malum
833 1923 894 1957 ac
935 1904 1129 1957 sceleri
1166 1903 1438 1973 procliuis,
1476 1903 1712 1975 Egestas
1779 1920 1866 1961 585

175 1977 452 2047 Errorque
492 1978 658 2031 infido
699 1996 890 2048 gressu
929 1982 983 2031 et
1022 1977 1304 2031 Discordia
1343 1978 1584 2049 gaudens

175 2050 505 2105 Permiscere
542 2052 745 2105 fretum
784 2053 957 2122 caelo3
997 2052 1146 2105 sedet
1184 2053 1326 2105 ostia
1358 2052 1504 2106 Ditis

177 2124 432 2179 Centenis
473 2130 656 2179 suetus
698 2126 950 2179 Briareus
990 2126 1261 2179 recludere
1299 2126 1497 2196 palmis

175 2199 251 2253 Et
293 2199 519 2269 Sphinx,
557 2200 835 2270 uirgineos
875 2201 1044 2254 rictus
1084 2200 1285 2252 infecta
1324 2218 1527 2269 cruore,

177 2272 463 2344 Scyllaque
489 2273 849 2344 Centaurique
874 2278 1052 2327 truces
1078 2275 1408 2341 umbraeque
1427 2273 1740 2343 Gigantum.
1776 2288 1863 2329 590

179 2345 444 2402 Cerberus
483 2348 573 2402 hic
612 2350 789 2418 ruptis
822 2351 1080 2418 peragrat
1118 2365 1243 2400 >cum
1281 2346 1513 2400 Tartara
1551 2348 1761 2417 uinclis,
1946 2356 1950 2360 ’

296 2543 382 2582 563
422 2537 554 2595 large
596 2540 644 2583 et
683 2537 1024 2583 exundantibus
1056 2540 1162 2580 Lov
1215 2535 1348 2593 large
1389 2550 1447 2581 ex
1481 2536 1647 2581 exund.
1679 2541 1714 2580 1?
1768 2537 1864 2583 late

176 2596 342 2640 exund.
376 2599 516 2655 uulyo
696 2602 782 2642 568
813 2596 876 2641 At
916 2601 987 2640 ov
1041 2596 1108 2639 Ac
1152 2600 1221 2638 ΒΕ
1403 2600 1489 2641 569
1529 2595 1670 2656 picis]
1709 2595 1792 2653 piu
1830 2601 1863 2640 1.

176 2659 263 2699 572
297 2654 498 2701 calidam
531 2656 757 2702 Schrader
877 2661 963 2701 573
995 2655 1134 2712 pigra
1166 2655 1394 2699 Schrader
1506 2658 1594 2698 574
1625 2656 1762 2711 potat
1792 2660 1865 2698 cm

174 2713 269 2770 Ep.
295 2718 356 2759 78
509 2720 594 2760 576
627 2716 760 2760 Hanc
791 2716 932 2761 Blass
962 2714 1082 2759 Hinc
1116 2719 1188 2757 cm
1212 2715 1241 2758 Z.
1268 2715 1295 2758 l.
1323 2718 1349 2756 S
1376 2739 1430 2746 —
1454 2713 1761 2770 restinguitur
1792 2719 1864 2757 cm

178 2774 207 2818 Ζ.
236 2773 262 2817 l.
288 2777 356 2816 LE·
404 2774 695 2830 extinguitur
727 2779 798 2818 ov
942 2778 1028 2819 579
1063 2773 1247 2828 Quanta
1278 2777 1339 2816 ch
1371 2799 1425 2805 —
1460 2771 1580 2816 atria
1611 2776 1708 2815 ehs
1755 2773 1864 2817 auia

172 2832 317 2888 uulyo
454 2837 539 2876 583
573 2835 758 2878 senecte
788 2839 820 2876 L
960 2837 1046 2877 585
1078 2847 1132 2877 ac
1164 2833 1403 2877 delendum
1433 2834 1577 2877 censet
1607 2831 1771 2889 Heyne
1801 2832 1864 2877 ad

185 2890 315 2948 Very.
343 2891 425 2934 Ae.
461 2891 545 2935 VI.
571 2895 667 2937 276
729 2898 814 2938 587
849 2891 995 2946 sedet,
1019 2896 1072 2936 ut
1095 2896 1211 2936 com.
1238 2891 1484 2935 Liuineius
1507 2894 1574 2931 mi·
1614 2890 1695 2934 sed
1720 2891 1768 2935 et
1792 2894 1864 2934 ov

174 2953 263 2994 538
298 2950 476 3008 suetus]
513 2965 650 2994 ausus
677 2951 905 2996 Schrader
989 2955 1075 2995 590
1108 2949 1331 3005 Cyllaque
1355 2953 1387 2991 L
