1988 3190
157 145 265 199 lOO
835 107 948 190 Sim
979 145 1203 192 ITALIOI

155 280 331 344 Quam
369 281 573 352 rapidis
614 299 850 351 puppem
890 282 1142 335 manibus
1183 282 1397 336 frenare
1437 283 1655 336 Lilaeus

154 354 299 408 Dum
338 359 533 424 tentat,
575 373 736 408 saeua
774 359 1058 409 truncatur
1097 357 1342 410 membra
1382 356 1620 426 bipenni,
1764 371 1850 410 490

154 430 236 482 Ac
274 429 382 483 fert
420 429 693 482 haerentis
732 429 983 483 trabibus
1024 430 1158 484 ratis
1198 430 1366 484 incita
1404 431 1632 499 palmas

229 502 445 557 Sicania
483 502 749 556 Aeoliden
787 504 1083 572 portabant
1122 507 1366 558 transtra
1404 503 1720 558 Podaetum

152 576 274 646 Hic,
314 596 448 631 aeuo
491 595 823 647 quamquam
861 578 1100 631 nondum
1147 579 1467 631 excessisset
1507 579 1745 649 ephebos
1781 609 1846 617 —-

155 649 259 704 Seu
299 651 445 705 laeui
483 654 697 704 traxere
739 651 838 718 dei,
879 670 973 704 seu
1014 652 1224 705 feruida
1264 652 1426 706 corda

153 723 270 779 Nec
310 729 396 779 sat
436 728 680 778 maturus
720 693 941 778 laudum
980 725 1215 810 bellique
1255 726 1448 796 cupido
1477 757 1544 764 -—
1763 740 1845 781 495

153 798 325 852 Arma
365 818 499 869 puer
537 799 714 852 niueis
756 802 973 868 aptarat
1012 799 1160 870 picta
1198 800 1418 853 lacertis

153 874 228 927 Et
267 873 406 926 freta
439 873 710 943 gaudebat
749 873 894 926 celsa
932 875 1151 926 turbare
1192 873 1491 928 Chimaera.

151 947 375 1017 Iamque
417 966 578 1017 super
618 947 833 1015 Rutula,
876 965 1039 1018 super
1077 951 1132 1000 et
1171 947 1557 1001 Garamantide
1597 949 1728 1018 pinu

152 1021 278 1075 Ibat
317 1040 503 1091 ouans,
544 1022 735 1074 melior
772 1040 920 1074 remo
962 1022 1258 1091 meliorque
1298 1022 1526 1093 sagitta3

150 1095 229 1149 Et
267 1095 374 1148 iam
415 1096 744 1165 turrigerum
785 1095 1114 1148 demerserat
1154 1114 1385 1165 aequore
1423 1095 1684 1165 Nessum3
1761 1109 1847 1149 500

153 1168 274 1222 Heu
314 1187 481 1239 puero
523 1169 834 1222 malesuada
872 1169 994 1222 rudi
1033 1187 1176 1224 noua
1215 1169 1392 1238 gloria
1429 1171 1668 1239 pugnae!

154 1242 297 1296 Dum
339 1244 560 1296 cristam
602 1243 788 1312 galeae
827 1243 998 1296 trucis
1039 1243 1368 1312 exuuiasque
1408 1246 1660 1312 precatur

154 1316 235 1370 De
275 1317 407 1371 duce
447 1317 708 1370 Marcello
749 1335 974 1387 superos
1013 1317 1349 1386 temerarius,
1390 1317 1550 1370 hasta

152 1391 384 1461 Excepit
422 1390 624 1460 raptim
663 1391 859 1444 uulnus
900 1391 1066 1444 letale
1106 1391 1348 1445 remissa.

153 1464 261 1518 Pro
304 1464 505 1534 qualis!
560 1482 652 1518 seu
693 1464 1066 1533 splendentem
1109 1465 1209 1518 sub
1250 1464 1428 1518 sidera
1466 1465 1590 1518 nisu
1763 1478 1848 1518 505

152 1539 414 1610 Exigeret
454 1539 679 1609 discum,
718 1539 894 1592 iaculo
936 1557 1029 1592 seu
1069 1539 1259 1592 nubila
1299 1557 1464 1608 supra

156 1612 428 1684 Surgeret,
470 1613 705 1682 aligeras
744 1612 910 1666 ferret
951 1631 1043 1666 seu
1082 1614 1306 1682 puluere
1344 1614 1561 1682 plantas

154 1686 262 1740 Uix
302 1691 466 1757 tact0,
505 1687 593 1739 uel
634 1686 863 1739 dimensi
904 1687 1085 1757 spatia
1123 1687 1372 1756 improba
1413 1685 1591 1755 campi

154 1760 437 1813 Transiret
477 1761 636 1813 uelox
677 1762 836 1828 saltu,
878 1760 1098 1814 decuere
1138 1761 1367 1814 labores,

157 1833 255 1887 Sat
293 1852 529 1903 morsm,
571 1838 657 1886 sat
696 1838 813 1885 erat
853 1834 1058 1887 decoris
1100 1834 1409 1886 discrimine
1448 1837 1584 1897 tuto,
1762 1846 1849 1886 510

159 1906 256 1961 Sat
295 1908 489 1962 laudis,
552 1926 646 1960 cur
685 1907 845 1976 facta,
883 1925 1032 1977 puer,
1072 1908 1278 1960 maiora
1318 1907 1581 1975 petebas?

155 1982 334 2051 Illum,
373 1981 467 2034 ubi
507 1981 783 2033 labentem
823 1982 1146 2050 pepulerunt
1186 1981 1297 2033 tela
1336 1980 1435 2033 sub
1477 1979 1665 2048 undaS,

157 2054 295 2108 Ossa
329 2054 616 2124 Syracosio
656 2053 968 2107 fraudatum
1006 2054 1273 2123 naufraga
1312 2055 1492 2124 bust0,

160 2128 455 2182 Fleuerunt
493 2127 651 2196 freta,
689 2128 957 2181 fleuerunt
997 2128 1251 2198 Cyclopia
1292 2147 1421 2181 saxa

156 2202 232 2255 Et
272 2201 453 2272 Cyane
496 2205 550 2255 et
592 2202 816 2271 Anapus
858 2207 910 2255 et
950 2202 1176 2273 Ortygie
1215 2202 1503 2255 Arethusa.
1762 2213 1846 2253 515

275 2322 360 2362 491
395 2320 463 2362 Ac
488 2322 626 2360 (2er
657 2315 722 2362 At
743 2321 781 2359 V
811 2316 899 2360 Art
923 2321 953 2359 0
1016 2322 1102 2362 492
1128 2316 1358 2362 aeolidem
1381 2321 1410 2360 0
1431 2343 1484 2349 -
1506 2315 1764 2360 Podaetum
1789 2321 1849 2359 ch
1930 2339 1934 2342 ·

156 2377 399 2422 Podarcen
432 2377 660 2422 Schrader
685 2378 763 2431 (cf.
786 2390 831 2420 u.
859 2379 969 2431 507)
1088 2381 1188 2420 494.
1214 2381 1299 2421 495
1331 2377 1479 2421 Bothe
1509 2377 1575 2421 sie
1607 2376 1694 2432 leyi
1723 2375 1849 2420 uult.-

158 2436 385 2493 ephebOS‚
433 2434 532 2480 Nec
559 2461 612 2467 —-
639 2435 856 2490 laudum,
901 2448 982 2479 seu
1020 2435 1204 2479 feruida
1245 2437 1388 2480 corda
1428 2435 1520 2480 Seu
1559 2435 1684 2479 laeui
1714 2435 1771 2479 tr.
1804 2433 1847 2479 d.

157 2494 362 2550 bellique
396 2494 584 2551 cupido,
618 2496 760 2538 Arma
783 2499 862 2539 etc.
889 2520 943 2526 -—
968 2495 1110 2551 uulyo
1139 2496 1280 2539 uerba
1311 2509 1396 2540 nec
1421 2519 1477 2527 —
1502 2493 1692 2538 laudum
1717 2495 1850 2538 uncis

157 2555 339 2599 inclusa
378 2559 529 2608 erant,
571 2567 685 2610 quas
722 2558 836 2598 recte
875 2554 1042 2598 deleuit
1071 2554 1265 2613 Bentley
1445 2558 1529 2598 502
1570 2553 1677 2596 trux
1711 2552 1851 2597 Blass

159 2616 244 2656 505
277 2613 380 2656 nisu
413 2617 443 2655 0
492 2613 601 2656 uisu
630 2616 736 2654 Lrv
857 2615 943 2655 508
976 2614 1103 2656 tacto
1130 2617 1160 2655 0
1193 2614 1322 2657 tacta
1350 2616 1457 2655 LFv
1490 2637 1543 2643 —
1578 2611 1757 2656 dimens
1782 2615 1849 2653 Lr

159 2671 338 2715 dimeus
358 2676 388 2714 0
414 2673 535 2716 deest
559 2672 611 2715 in
637 2675 688 2727 V,
720 2672 796 2715 sed
819 2686 875 2715 m.
901 2674 933 2716 2
957 2672 988 2716 i.
1013 2685 1155 2728 rnary.
1182 2672 1373 2716 climens
1458 2674 1545 2715 509
1570 2670 1764 2715 decuere
1790 2673 1850 2711 ch

161 2730 357 2774 docuere
391 2735 416 2772 S
466 2744 666 2774 nocuere
698 2730 850 2775 Barth
881 2735 923 2774 et
954 2730 1137 2774 Gronov
1199 2735 1284 2774 510
1316 2731 1417 2774 toto
1449 2735 1483 2772 F
1547 2733 1631 2773 511
1663 2728 1790 2772 facta
1822 2733 1848 2770 8

158 2787 257 2832 fata
294 2790 392 2833 edd.
432 2789 685 2833 nonnullae
888 2793 976 2832 514
1014 2788 1162 2846 freta]
1203 2790 1343 2834 flecta
1380 2793 1414 2831 F
1448 2813 1505 2821 —
1538 2786 1737 2843 ciclopia
1776 2789 1848 2828 ov

159 2847 378 2903 cyclopea
407 2851 439 2888 L
482 2847 688 2903 cordopa
719 2852 752 2889 F
837 2852 923 2891 515
956 2848 1016 2891 Et
1046 2860 1193 2904 cyane
1215 2852 1283 2890 LF
1316 2848 1376 2891 Et
1406 2850 1542 2891 trane
1569 2849 1638 2888 0V
1670 2843 1847 2899 Cyanes

158 2906 296 2962 uulyo
328 2931 383 2938 —-
425 2905 597 2961 ortigie
637 2912 668 2948 L
719 2906 898 2963 ortiage
938 2911 971 2948 F
1020 2906 1218 2963 orthigie
1261 2910 1332 2949 ov
1378 2905 1595 2962 Ortygien
1634 2903 1850 2960 Ruperti,

158 2965 235 3010 sed
265 2964 322 3019 cf.
356 2964 631 3009 Lachmann
661 2966 722 3009 ad
754 2965 892 3009 Luer.
913 2979 962 3022 p.
989 2969 1080 3010 407
