1988 3190
638 134 997 180 PUNICORUM
1027 134 1210 180 LIBER
1241 135 1340 181 XV.
1731 134 1836 188 119

145 274 285 328 Tum
323 274 557 326 lustrata
594 271 815 340 Ephyre
853 270 1156 340 Patraeque
1197 273 1252 324 et
1289 270 1440 340 regia
1471 269 1707 324 Pleuron
1746 284 1833 324 310

144 348 523 416 Parnasusque
561 345 746 415 biceps
785 344 1115 413 Phoeboque
1154 344 1433 415 loquentia
1473 363 1618 397 saxa.

148 422 226 476 Ac
266 439 426 490 saepe
466 420 534 473 ad
572 420 784 489 patrios
823 418 970 472 bello
1008 422 1296 472 reuocante
1335 419 1567 488 penatiS,

148 494 285 549 Cum
324 494 484 548 modo
526 491 860 547 Sarmaticus
899 509 1068 562 regna
1106 492 1394 546 infestaret
1433 491 1669 560 OresteS‚

146 570 360 638 Aspera
397 586 540 621 nunc
579 566 852 636 Dolopum
890 567 974 619 uis
1015 566 1338 620 exundasset
1375 567 1432 618 in
1472 583 1651 637 agrOS,

146 642 371 711 Incepto
410 645 595 695 tamen
633 641 779 694 haud
815 640 991 693 facilis
1029 640 1289 693 desistere
1321 659 1480 708 uano,
1748 652 1836 693 315

146 715 289 768 Belli
325 734 422 786 per
462 714 656 768 Graias
695 715 946 767 umbram
987 714 1320 767 circumtulit
1361 732 1506 767 oras:

145 789 347 859 Donec,
384 808 526 842 nunc
564 789 777 858 pelago,
814 806 956 841 nunc
994 791 1140 841 terra
1180 791 1387 858 exutUS,
1428 787 1615 840 omisit

149 862 312 934 Spem
350 863 589 933 positam
616 862 684 930 in
723 861 902 931 Tyriis
944 864 998 914 et
1038 862 1263 931 supplex
1301 861 1522 915 foedera
1562 861 1741 914 sanxit

146 936 403 990 Dardana
440 955 540 990 nec
579 937 759 1005 legem
797 953 966 1006 regno
1007 937 1279 1005 accepisse
1318 935 1538 1005 refugit.

219 1011 369 1064 Tunc
408 1013 462 1063 et
493 1010 764 1080 Tyndarei
803 1009 989 1063 Latias
1030 1010 1251 1063 fortuna
1290 1009 1513 1062 Tarenti
1749 1023 1836 1063 320

146 1085 313 1138 Auxit
353 1103 481 1154 opes
520 1084 842 1152 laudemque
882 1084 1058 1136 simul.
1119 1102 1244 1136 nam
1283 1083 1488 1153 perfida
1526 1083 1745 1136 tandem

146 1158 291 1212 Urbs
331 1157 502 1212 Fabio
543 1158 757 1210 deuicta
795 1157 926 1226 seni,
963 1161 1271 1226 postremus
1312 1158 1369 1209 in
1402 1157 1569 1210 armis

146 1232 401 1285 Ductoris
441 1232 635 1284 titulus
677 1232 834 1285 cauti.
898 1231 1144 1284 sollertia
1182 1234 1362 1283 tutum

145 1305 286 1359 Tum
317 1324 528 1375 quoque
562 1305 760 1375 adepta
793 1305 970 1374 decus,
1003 1305 1176 1374 captis
1211 1306 1325 1358 sine
1358 1304 1620 1375 sanguine
1652 1304 1839 1357 muris,

145 1378 391 1448 Namque
430 1383 492 1432 ut
530 1382 880 1448 compertum,
921 1378 1013 1447 qui
1038 1379 1241 1432 Punica
1281 1378 1437 1447 signa
1476 1379 1715 1447 regebat,
1747 1391 1834 1431 325

146 1453 404 1506 Feminea
443 1453 595 1506 exuri
634 1453 868 1520 flamma,
907 1453 1212 1522 tacitusque
1254 1452 1465 1520 quietae

147 1526 292 1579 Exin
330 1526 523 1579 uirtuti
561 1526 766 1594 placuit
807 1526 986 1578 dolus:
1025 1525 1103 1578 ire
1144 1526 1319 1578 sorori
1356 1554 1419 1563 —

147 1600 291 1653 Nam
332 1600 524 1653 cast-ris
565 1603 682 1652 erat
718 1599 777 1651 in
814 1599 1034 1652 Rutulis
1071 1629 1135 1636 -
1172 1617 1461 1669 germanus
1502 1602 1714 1651 amatae

148 1673 377 1742 Cogitur
417 1677 472 1727 et
510 1673 722 1743 magnis
762 1673 1049 1725 muliebria
1085 1674 1300 1726 uincere
1341 1673 1504 1726 corda

147 1747 434 1816 Pollicitis,
473 1747 520 1799 si
558 1747 797 1800 reclusas
836 1746 1142 1799 tramittere
1180 1749 1374 1815 portas
1750 1759 1838 1800 330

150 1820 424 1875 Concedat
460 1819 695 1890 Libycus
735 1824 927 1874 rector.
988 1822 1210 1889 uotique
1249 1820 1458 1890 potitus

150 1895 348 1948 Euicto
386 1893 586 1947 Fabius
625 1894 808 1948 Poeno
849 1894 1178 1947 circumdata
1215 1894 1340 1947 telis

151 1969 486 2022 Incustodita
523 1968 830 2038 penetrauit
868 1968 1082 2021 moenia
1120 1972 1293 2022 nocte.

226 2041 330 2096 Sed
362 2043 611 2111 quisnam
644 2060 863 2095 auersos
887 2042 1164 2094 Phoebum
1197 2045 1326 2095 tunc
1349 2041 1571 2110 iungere
1605 2042 1673 2094 ab
1704 2041 1838 2095 urbe

154 2115 416 2168 Romulea
455 2115 727 2168 dubitaret
767 2133 950 2185 equOS‚
990 2115 1082 2183 qui
1120 2118 1366 2184 tempore
1406 2115 1592 2168 eodem
1750 2128 1838 2168 335

150 2189 467 2243 Marcellum
507 2189 772 2258 acciperet
808 2190 977 2241 letum
1018 2188 1311 2257 oppetiisse
1352 2188 1452 2240 sub
1492 2188 1695 2241 armis?

149 2261 322 2316 Moles
361 2263 460 2315 illa
498 2263 602 2315 uiri
643 2262 922 2331 calidoque
961 2262 1212 2315 habitata
1245 2260 1480 2314 Gradiuo

154 2337 378 2389 Pectora
418 2339 472 2388 et
508 2336 654 2389 haud
692 2336 820 2388 ullis
857 2353 1117 2404 umquam
1155 2335 1473 2388 tremefacta
1517 2334 1732 2403 periclis
1770 2365 1835 2372 —-

271 2528 355 2568 311
400 2523 719 2578 Peruasusque
761 2527 791 2565 0
826 2548 881 2555 -
913 2522 1095 2580 biceps]
1132 2522 1290 2578 inceps
1327 2527 1359 2564 1.
1402 2547 1455 2554 —
1488 2521 1766 2579 phoeboque
1798 2527 1836 2565 V

150 2582 337 2640 phoebo
360 2586 461 2624 LFo
524 2587 610 2627 313
645 2580 952 2638 Sarmaticus]
986 2581 1275 2625 Dalmaticus
1304 2581 1532 2625 Schrader
1554 2606 1610 2613 —-
1635 2595 1778 2638 regno
1805 2586 1836 2625 0

152 2668 209 2675 -
240 2641 450 2685 horestes
481 2645 514 2683 L
560 2642 741 2696 Eropus
779 2654 835 2684 ex
864 2640 966 2685 Liv.
1004 2640 1228 2684 XXVII.
1261 2642 1338 2684 32.
1370 2644 1399 2683 9
1431 2641 1504 2683 uel
1543 2638 1658 2684 Cum
1698 2641 1837 2685 modo

152 2700 369 2745 Sarmata
399 2699 503 2743 eir.
529 2699 626 2754 inf„
660 2698 876 2743 Orestum
907 2699 982 2743 uel
1014 2698 1193 2743 Orestis
1225 2711 1266 2743 a.
1291 2712 1334 2741 n.
1361 2697 1559 2755 Ruperti
1618 2704 1706 2743 320
1732 2702 1838 2756 tyn-

153 2759 283 2804 darei
312 2763 346 2800 F
394 2757 597 2802 tindarei
627 2761 693 2799 Lo
741 2756 936 2801 tindarii
967 2761 1004 2798 V
1183 2762 1269 2801 321
1310 2756 1454 2801 Auxit
1483 2761 1550 2800 Lo
1597 2757 1735 2802 Ausit
1764 2763 1838 2801 FV

153 2823 238 2862 323
266 2818 492 2861 Ductores
510 2822 537 2859 S
598 2820 686 2860 324
709 2815 781 2859 Tu
798 2820 868 2858 ov
930 2820 1016 2860 325
1039 2814 1254 2872 Namque
1279 2818 1328 2860 et
1343 2820 1403 2858 oh
1464 2821 1550 2860 326
1575 2817 1760 2873 quietae
1778 2822 1837 2860 eh

154 2880 239 2920 327
275 2876 445 2921 sororis
478 2880 539 2917 ch
657 2879 745 2919 334
777 2887 966 2919 auersos
999 2879 1072 2917 cm
1094 2875 1187 2930 Ep.
1214 2878 1243 2919 7
1363 2879 1449 2919 336
1481 2875 1732 2932 appetiisse
1767 2880 1837 2919 ov

154 2940 239 2980 337
271 2935 362 2978 uiri
394 2933 640 2990 calidoque
672 2934 796 2978 cml.
824 2934 853 2978 l.
975 2938 1062 2978 338
1094 2933 1204 2977 ullis
1236 2934 1354 2978 deest
1384 2935 1435 2977 in
1467 2938 1538 2976 ov
