1988 3190
639 144 1004 191 PUNICORUM
1035 145 1218 190 LIBER
1249 145 1370 191 XIV.
1776 148 1850 202 83

165 281 379 352 Pyrene
418 281 570 335 misif,
608 283 855 352 populos,
895 281 987 350 qui
1024 299 1224 334 nomen
1263 282 1330 334 ab
1371 300 1528 335 amne
1794 299 1851 339 35

163 356 415 409 Ascitum
452 356 630 425 patrio
670 360 847 408 terrae
886 355 1193 423 imposuere
1231 356 1463 408 uacanti.

163 430 292 483 Mox
329 428 594 499 Ligurum
631 430 801 499 pubes
843 427 1025 482 Siculo
1067 429 1287 482 ducssore
1326 430 1553 483 nouauit

162 504 436 557 Possessis
474 504 618 557 bello
657 506 870 556 muffialza
908 503 1176 556 uocabula
1214 503 1411 572 regnis,

162 577 277 630 Nec
315 575 444 630 Cres
485 577 732 630 dedecori
769 577 874 629 fuit
914 577 1117 630 accola:
1159 577 1384 630 duxerat
1425 584 1572 631 actos

161 650 448 704 Moenibus
489 670 516 704 e
557 654 771 704 centum
809 670 920 704 non
957 651 1139 703 fausta
1178 652 1243 703 ad
1282 651 1491 720 proelia
1529 651 1722 724 Minos,
1791 669 1850 710 40

162 724 494 778 Daedaleam
533 728 779 794 repessens
819 743 1065 794 poenam.
1130 723 1222 794 qui
1259 724 1447 777 fraude
1487 726 1719 781 nefanda

162 798 462 867 Postquam
501 802 791 868 perpetuas
829 798 989 851 iudex
1030 799 1295 851 concessib
1335 800 1402 851 ad
1440 800 1660 854 umbras

163 870 476 925 Cocalidum
515 872 742 940 insidiis,
781 873 926 926 fesso
967 872 1173 925 Minoia
1211 873 1374 926 turba

161 945 411 998 Bellandi
451 946 628 999 studio
670 945 863 999 Siculis
904 946 1147 999 subsedit
1184 946 1242 998 in
1281 947 1404 1000 oris,

161 1018 497 1073 Miscuerunt
534 1020 832 1089 Phrygiam
869 1021 1079 1090 prolem
1119 1020 1385 1073 Troianus
1426 1020 1651 1075 Acestes
1789 1038 1849 1078 45

161 1093 533 1163 Troianusque
572 1093 850 1162 HelymuS‚
890 1093 1111 1146 strucssis
1153 1094 1243 1163 qui
1283 1095 1425 1163 pube
1468 1100 1653 1149 secuta

160 1167 224 1219 In
262 1168 487 1237 longum
527 1186 591 1220 ex
631 1186 744 1220 sese
786 1169 1055 1220 donarunt
1092 1169 1313 1220 nomina
1351 1170 1533 1222 muris.

160 1240 275 1294 Nec
315 1241 579 1294 Zanclaea
617 1244 815 1311 gerunh
854 1242 1140 1295 obscuram
1180 1243 1395 1295 moenia
1432 1242 1649 1312 famam,

159 1314 398 1368 Dexssera
438 1332 599 1384 quam
637 1315 833 1368 tribuit
871 1315 1050 1384 posito
1095 1314 1351 1368 Saturnia
1387 1317 1517 1371 telo,

162 1387 264 1440 Sed
305 1389 464 1441 decus
506 1389 779 1441 Hennaeis
817 1389 963 1441 haud
1002 1389 1168 1440 ullum
1209 1389 1485 1457 pulchrius
1527 1392 1653 1459 oriS,
1786 1407 1847 1447 50

162 1461 335 1523 Quam
375 1481 511 1531 quae
552 1460 804 1532 Sisyphio
845 1463 1096 1515 fundauit
1134 1481 1331 1515 nomen
1371 1464 1440 1516 ab
1481 1463 1694 1518 Isthmo

158 1535 235 1587 Et
273 1536 511 1588 multum
552 1539 678 1589 ansse
719 1537 852 1589 alias
892 1536 1201 1606 Ephyraeis
1241 1536 1416 1606 fulgei:
1456 1537 1704 1591 alumnis,

159 1607 267 1661 Hic
298 1608 573 1662 Arethusa
614 1628 770 1662 suum
809 1610 1021 1679 piscoso
1061 1610 1211 1663 fonte
1250 1614 1489 1679 receptat

159 1681 427 1753 Alpheon,
467 1702 649 1736 sacrae
687 1686 998 1752 portantem
1038 1683 1196 1753 signa
1235 1702 1475 1737 coronae.

237 1757 310 1809 At
348 1776 459 1810 non
500 1775 700 1826 aequus
741 1760 887 1809 amat
925 1756 1201 1810 Trinacria
1231 1756 1497 1811 Mulciber
1536 1763 1709 1814 antra.
1786 1776 1843 1816 55

157 1830 302 1884 Nam
341 1831 551 1900 Lipare,
588 1830 760 1883 uastis
801 1830 988 1883 subter
1028 1831 1253 1899 depasta
1293 1832 1533 1903 caminiS,

160 1903 522 1974 Sulphureum
562 1904 735 1957 uomit
775 1922 932 1957 exeso
975 1903 1039 1956 de
1078 1906 1283 1958 uertice
1319 1905 1544 1960 fumum.

157 1977 264 2031 Ast
302 1980 484 2030 Aetna
522 1982 733 2031 eructat
771 1977 1101 2031 tremefactis
1142 1979 1388 2032 cautibus
1432 1980 1574 2049 ignis

156 2051 362 2105 Inclusi
400 2052 651 2121 gemissuS,
687 2051 971 2121 pelagique
1013 2052 1229 2104 imiizata
1266 2052 1520 2123 furorem,

158 2124 434 2178 Murmure
473 2144 568 2193 per
607 2143 794 2178 caecos
834 2128 992 2178 tonat
1030 2125 1322 2194 irrequieta
1361 2127 1593 2195 fragoris
1783 2146 1838 2185 60

159 2198 334 2251 Nocsse
375 2199 565 2267 dieque
606 2199 783 2251 simul.
836 2198 987 2251 fonte
1027 2217 1055 2250 e
1087 2198 1505 2268 Phlegethontis
1546 2206 1605 2253 ut
1646 2206 1764 2256 atro

157 2271 525 2324 Flammarum
566 2272 800 2325 exundat
837 2274 1051 2324 torrens
1091 2273 1348 2341 piceaque
1386 2275 1625 2341 procella

277 2422 334 2460 36
365 2416 608 2461 Abscibum
627 2421 654 2458 S
686 2441 741 2447 —
774 2415 964 2460 uocanti
985 2420 1010 2458 S
1072 2422 1127 2461 37
1153 2417 1356 2472 ligurum
1382 2419 1535 2474 patrio
1560 2419 1706 2474 pubes
1730 2426 1837 2463 LFV

156 2476 230 2528 (in
260 2479 297 2517 V
337 2479 475 2530 corr.)
680 2479 735 2518 39
769 2474 899 2530 Cres,
946 2479 999 2517 ut
1036 2477 1153 2519 coni.
1186 2476 1431 2527 Heinsiu3‚
1471 2481 1509 2517 V
1562 2491 1634 2521 res
1667 2483 1835 2523 chLFO

155 2539 213 2578 40
251 2533 496 2578 Moenibus
537 2547 562 2576 e
607 2534 792 2576 centum
824 2536 884 2575 eh
936 2532 1181 2578 Moenibus
1222 2549 1248 2578 o
1281 2535 1466 2579 centum
1498 2540 1531 2577 L
1564 2570 1574 2580 .
1601 2570 1611 2580 .
1639 2570 1648 2580 .
1684 2540 1838 2583 otten-

154 2594 255 2636 tum
301 2597 336 2635 F
390 2590 632 2636 Moenibus
676 2591 890 2635 erentum
934 2595 1004 2633 ΟΥ
1213 2597 1267 2635 41
1311 2606 1512 2648 poenam
1556 2599 1628 2637 cm
1659 2596 1750 2654 Ep.
1776 2602 1836 2643 44

155 2655 211 2696 43
244 2650 388 2709 fesso]
421 2664 552 2695 casso
583 2650 657 2695 uel
687 2648 830 2693 misso
855 2650 1150 2707 Dausqueius
1268 2655 1325 2695 46
1357 2651 1568 2708 helymus
1591 2658 1659 2697 LE
1694 2654 1834 2701 hebe-

154 2709 298 2754 rimus
332 2714 362 2752 0
411 2709 598 2754 hebrius
630 2712 668 2749 V
876 2712 933 2752 48
966 2709 1156 2753 zanelea
1185 2714 1218 2751 L
1265 2709 1427 2754 zanela
1456 2715 1490 2752 F
1537 2713 1728 2759 zenelaa
1760 2719 1833 2758 OV

154 2772 211 2812 50
236 2768 471 2813 Hannaeis
495 2772 629 2811 cam?
660 2766 888 2811 hannaois
914 2770 984 2809 0V
1014 2767 1237 2812 Aetnaeis
1262 2768 1467 2825 Scaliyer
1549 2775 1604 2814 51
1629 2772 1830 2831 Isthmo]

154 2828 291 2873 Hista
337 2831 477 2870 chov
530 2826 626 2871 ista
669 2829 737 2867 LE·
789 2828 868 2881 (cf.
900 2840 943 2870 u.
977 2829 1087 2882 341)
1280 2831 1336 2871 52
1382 2828 1462 2885 Et]
1510 2828 1638 2875 Haec
1683 2832 1831 2877 Bothe

154 2891 210 2931 56
250 2901 388 2942 super
419 2891 451 2928 1.
613 2887 668 2929 58
699 2883 764 2927 At
794 2888 824 2926 0
860 2910 911 2916 -
947 2888 1088 2929 aetna
1123 2890 1158 2927 Ε
1206 2886 1378 2930 aethna
1407 2891 1512 2930 Lov
1543 2890 1620 2945 (cf.
1646 2905 1690 2933 u.
1717 2894 1828 2945 579)

156 2971 211 2978 —
244 2946 426 2990 eructat
457 2950 487 2988 0
521 2945 708 3002 eruptat
738 2947 844 2986 LFv
966 2948 1020 2989 59
1053 2942 1258 3003 imitata]
1293 2946 1476 2989 mutata.
1508 2951 1534 2988 s

1416 3025 1474 3064 ce·
