1988 3190
605 97 964 180 PUNIOORUM
994 134 1177 178 LIBER
1206 133 1285 179 XI.
1734 134 1801 186 13

114 271 191 324 At
229 274 290 323 lau
331 271 531 324 securis
572 271 802 324 concede
841 271 1130 340 penatibus
1171 274 1226 323 et
1265 287 1351 322 me

112 345 319 415 Linque
344 363 493 397 meae
518 345 711 409 menti3
736 363 1007 397 summum
1034 344 1176 414 quod
1202 343 1375 398 credis
1401 346 1456 396 eb
1480 362 1680 413 aequas
1713 357 1800 397 325

114 418 480 472 Hannibalem
521 419 746 488 superis„
785 437 817 471 0
858 421 1120 488 quantum
1157 418 1377 471 nomine
1417 418 1591 471 maior

113 493 230 546 Iam
269 492 452 546 Poeno
492 493 594 545 tibi
634 495 793 545 natus
834 491 987 555 eribl'
1049 490 1322 545 Uibrabalz
1362 492 1431 544 ab
1473 510 1564 545 ore

115 566 267 637 Ignis
307 569 478 634 atrox,
518 566 837 635 animusque
876 566 980 618 uiri
1019 566 1130 618 iam
1170 566 1318 618 bella
1357 566 1598 636 gerebat,

113 638 253 694 Cum
292 640 486 710 senior,
523 640 667 693 tanti
706 640 916 708 pondus
957 640 1258 693 conaminis
1299 656 1463 709 aegra

113 714 230 767 lam
270 714 469 766 dudum
507 713 599 766 uix
640 732 764 766 aure
805 714 998 784 ferens,
1027 713 1415 767 tremebundus
1451 713 1651 766 ibidem
1715 727 1801 766 330

111 785 385 840 Sternitur
425 792 477 839 et
516 787 743 856 pedibus
783 787 970 840 crebro
1010 787 1211 856 pauida
1251 787 1439 840 oscula
1478 787 1672 856 figens:

114 860 245 914 ‘Per
285 861 332 914 si
372 861 498 929 quid
539 864 788 930 superest
818 861 981 930 uitae,
1019 879 1117 930 per
1155 862 1276 914 iura
1313 861 1555 930 parentis

114 934 321 1005 Perque
359 938 511 987 tuam
551 938 742 988 nostra
779 935 1063 1004 potiorem,
1101 938 1245 1004 nate,
1285 936 1533 1003 salutem,

114 1008 335 1061 Absiste
375 1009 621 1078 1110οΡ118,
660 1027 772 1077 010,
810 1027 877 1062 110
919 1008 1182 1080 sanguine
1221 1026 1438 1062 cernam

113 1082 333 1135 Polluta
371 1082 607 1151 hospitia
647 1100 709 1135 ac
747 1083 877 1136 tabo
917 1083 1124 1152 repleta
1163 1085 1384 1136 cruento
1715 1095 1800 1136 335

113 1155 317 1209 Pocula
356 1158 410 1208 et
449 1174 664 1208 euersas
703 1174 919 1227 pugnae
959 1157 1253 1209 certamine
1293 1175 1525 1210 mensas,

113 1229 262 1282 Tune
300 1229 472 1298 illum,
511 1247 669 1298 quem
709 1249 819 1283 non
859 1230 1014 1297 acieS‚
1052 1248 1162 1283 non
1200 1230 1416 1283 moenia
1456 1233 1509 1284 et
1548 1230 1709 1283 urbes

112 1302 278 1356 Ferre
316 1304 518 1373 ualent,
558 1321 678 1356 cum
718 1304 868 1357 frons
907 1304 1130 1374 propior
1170 1305 1458 1374 lumenque
1499 1321 1723 1358 corusco

116 1377 249 1447 Igne
289 1378 472 1446 micat,
509 1380 640 1430 tune
680 1377 776 1430 illa
814 1378 935 1446 uiri,
975 1396 1113 1447 quae
1153 1378 1355 1431 uertice
1393 1377 1587 1446 fundit,

117 1450 371 1503 Fulmina
408 1451 710 1520 pertuleriS‚
752 1452 799 1504 si
837 1452 956 1504 uiso
997 1452 1279 1506 intorserit
1318 1470 1443 1504 ense
1714 1465 1800 1504 340

118 1523 320 1592 Diram‚
359 1542 466 1592 qua
503 1524 673 1577 uertit
710 1543 808 1594 per
849 1543 1069 1594 campos
1110 1526 1342 1594 agmina,
1381 1526 1607 1578 uocem?

112 1597 284 1650 Fallit
322 1600 393 1664 te,
431 1615 645 1660 mensas
684 1598 827 1650 inter
867 1598 1009 1668 quod
1048 1598 1218 1651 credis
1255 1599 1531 1651 inermem.
1589 1618 1591 1620 ’

114 1671 222 1723 Tol:
260 1670 419 1723 bellis
460 1672 706 1740 quaesita
744 1672 880 1739 11110,
920 1674 1006 1725 tot
1045 1672 1297 1725 caedibus
1340 1675 1518 1725 armat

112 1743 373 1798 Maiestas
415 1748 637 1798 aeterna
676 1745 878 1798 ducem.
934 1745 980 1798 si
1020 1746 1323 1799 admoueris
1365 1764 1474 1814 ora,
1691 1758 1799 1798 344

114 1816 332 1871 Cannas
365 1821 419 1870 et
444 1817 699 1871 Trebiam
732 1821 856 1871 ante
883 1819 1066 1872 oculos
1091 1819 1609 1889 Thrasymennaque
1637 1820 1800 1872 buslaa

112 1891 188 1944 Et
224 1891 383 1945 Pauli
424 1894 568 1945 stare
607 1893 885 1962 ingentem
924 1893 1206 1947 miraberis
1245 1894 1510 1946 umbram.

114 1965 291 2027 Quid?
345 1968 499 2018 tanto
539 1965 596 2018 in
636 1984 762 2019 casu
802 1966 1060 2020 comitum
1101 1968 1359 2037 iuxtaque
1399 1967 1667 2021 iacentum

113 2037 430 2108 Torpebunt
468 2039 725 2093 dextrae?
765 2059 939 2109 parce,
980 2059 1092 2111 010,
1132 2044 1187 2093 et
1226 2041 1407 2094 desine
1447 2041 1598 2109 uelle,

114 2110 214 2165 Oui
251 2130 484 2181 nequeas
524 2112 699 2166 uictor
739 2131 1032 2182 superesse.
1087 2133 1157 2166 an
1195 2115 1374 2167 tristia
1411 2115 1590 2167 uincla

113 2185 187 2238 Et
225 2185 422 2239 Decius
461 2204 569 2239 non
611 2187 861 2240 erudiunt
901 2206 1221 2258 componere
1260 2187 1560 2242 mentem?'
1713 2201 1799 2240 350

188 2258 343 2311 Talia
382 2277 828 2329 commemoranS,
867 2261 1046 2314 famae
1086 2261 1307 2315 maioris
1348 2279 1532 2315 amore

117 2331 468 2402 Flagrantem
507 2336 569 2386 ub
607 2334 745 2386 uidit.
781 2335 1033 2388 iuuenem
1076 2335 1402 2404 surdumque
1444 2335 1649 2388 timori:

115 2405 236 2457 ‘Nil
275 2406 422 2458 ultra
459 2425 639 2476 posco,
678 2407 819 2460 refer
856 2409 914 2460 in
954 2409 1203 2462 conuiuia
1241 2426 1509 2478 gressum3

233 2583 321 2622 324
362 2578 426 2621 At
456 2580 509 2621 tu
543 2584 599 2623 ch
647 2581 709 2625 Et
749 2582 799 2624 tu
840 2586 866 2623 S
900 2607 953 2613 ——
993 2596 1182 2626 securus
1221 2583 1294 2626 uel
1341 2581 1531 2626 secretis
1576 2582 1800 2626 Heinsius

116 2643 200 2682 331
234 2637 452 2694 pedibus]
485 2638 682 2694 genibus
715 2639 941 2684 Schrader
1017 2644 1103 2684 336
1136 2642 1345 2684 inuersas
1370 2641 1511 2684 Blass
1590 2644 1675 2683 337
1708 2654 1801 2684 non

115 2696 302 2740 moenia
331 2699 404 2737 FV
442 2710 529 2740 nec
560 2711 620 2740 m.
653 2701 719 2739 1.0
798 2702 883 2742 338
915 2698 1128 2755 proprior
1158 2702 1229 2741 LV
1309 2703 1396 2742 340
1428 2698 1666 2744 interserit,
1686 2703 1718 2741 1.
1744 2725 1798 2731 -—

117 2768 274 2799 ensem
308 2758 378 2796 ov
477 2760 560 2799 341
596 2770 736 2811 quam
762 2760 833 2798 ov
940 2762 1027 2801 344
1058 2757 1242 2801 interna
1265 2757 1412 2802 Bothe
1518 2761 1604 2802 345
1638 2758 1798 2822 busta]

116 2813 266 2857 lustra
295 2814 436 2858 Blass
557 2818 642 2858 347
675 2817 809 2858 tanta
840 2815 886 2858 in
920 2814 1048 2860 rabie
1079 2816 1280 2872 Ruperti
1387 2821 1475 2862 348
1506 2816 1653 2875 uelle]
1685 2817 1799 2861 belh

116 2872 340 2973 ΙΙΞειζηενξιιε
370 2871 494 2917 bello
528 2873 672 2918 Bothe
801 2879 886 2917 349
921 2874 1034 2918 Cum
1066 2874 1361 2931 Dausqueius
1497 2878 1581 2920 352
1615 2875 1799 2919 timoris

169 2944 341 2975 ein-§ms
