1988 3190
612 89 987 174 'PUNICORUM
1015 128 1196 179 LIBER
1225 129 1346 174 XIII.
1756 129 1830 183 79

148 263 335 335 Cerne,
374 267 656 318 cruentato
695 265 889 318 uulnus
932 265 1030 318 sub
1069 268 1287 335 pectore
1327 268 1523 335 seruat,
1750 279 1836 320 825

145 338 353 392 Tristia
391 338 596 391 defensi
633 338 774 391 ferro
814 342 1165 392 monumenta
1203 339 1441 408 pudoriS‚

146 414 223 467 Et
259 413 493 483 patriam
531 413 720 465 laudat
758 413 1063 466 miserando
1102 413 1161 467 in
1199 414 1425 466 uulnere
1465 413 1725 468 dextram.

144 487 254 541 Illa
292 489 391 556 est,
430 504 566 556 quae
606 485 880 555 Thybrim,
923 505 1059 556 quae
1098 487 1265 556 fregit
1301 486 1476 556 Lydia
1512 487 1675 556 bella,

144 560 402 615 Nondum
439 578 604 630 passa
642 579 863 629 marem,
904 561 1079 629 qualis
1120 561 1350 629 optabat
1387 561 1588 613 habere

148 633 433 697 Quondam
449 633 623 686 Roma
646 634 810 701 uirOS,
834 635 1199 704 contemptrix
1217 632 1426 688 Cloelia
1445 633 1630 687 sexus'
1655 665 1715 673 —-
1747 648 1836 688 830

150 707 305 778 Cum,
345 707 526 761 subito
566 710 789 777 aspectu
827 709 1098 777 turbatuS,
1137 708 1318 778 Scipio
1355 709 1547 777 poscit,

148 781 298 845 Quae
336 799 541 851 poenae
582 799 758 851 causa,
797 786 852 835 et
891 783 982 852 qui
1022 782 1132 835 sint
1169 782 1228 836 in
1265 782 1490 836 crimine
1531 800 1733 836 manes

147 855 287 909 Tum
325 855 506 926 uirgo:
547 854 780 909 ‘Patrios
818 856 986 926 fregit
1025 874 1161 926 quae
1202 855 1446 910 curribus
1484 863 1634 909 artus

144 929 222 983 Et
262 929 418 982 stetit
456 929 699 983 adductis
739 948 900 1000 super
940 949 1034 982 ora
1072 930 1363 983 trementia
1401 930 1584 999 freniS‚

147 1002 344 1072 Tullia,
380 1021 492 1056 non
529 1002 673 1057 ullos
714 1006 847 1057 satis
888 1004 1214 1057 exhaustura
1248 1004 1477 1070 laboreS‚
1745 1017 1833 1057 835

145 1076 375 1130 Ardenti
410 1076 810 1147 Phlegethonte
848 1081 1019 1131 natat.
1080 1078 1390 1131 fornacibus
1432 1078 1565 1130 atris

144 1150 288 1204 Fons
326 1150 547 1221 rapidus
587 1152 721 1203 furit
759 1155 920 1221 atque
958 1155 1109 1205 ustas
1150 1152 1249 1205 sub
1289 1153 1508 1223 gurgite
1541 1154 1724 1204 cautes

144 1224 337 1295 Egerit
375 1228 430 1277 et
470 1225 706 1293 scopulis
745 1227 932 1294 pulsat
970 1226 1326 1296 flagrantibus
1368 1244 1476 1279 ora.

144 1297 254 1351 Illa
293 1301 490 1368 autem,
529 1317 666 1368 quae
704 1300 961 1352 tondetur
1000 1300 1312 1368 praecordia
1349 1303 1529 1352 rostro

145 1372 314 1426 Alitis
345 1403 417 1410 —
450 1391 519 1425 en
557 1375 818 1441 quantum
856 1378 1076 1427 resonat
1111 1374 1495 1443 plangentibus
1536 1373 1636 1426 alis
1743 1385 1833 1425 840

145 1446 399 1515 Armiger
438 1446 506 1499 ad
545 1449 735 1515 pastus
788 1447 1000 1500 rediens
1037 1447 1209 1500 Iouis!
1244 1478 1315 1485 —
1352 1446 1603 1500 hostibus
1654 1464 1831 1499 arcem

146 1518 336 1590 Uirgo,
372 1519 611 1572 immane
643 1520 812 1589 nefas,
850 1521 1103 1574 adamato
1142 1520 1381 1589 prodidit
1420 1539 1550 1573 auro

149 1593 384 1663 Tarpeia
423 1596 479 1645 et
516 1594 691 1662 pactis
730 1595 996 1647 reserauit
1035 1595 1275 1647 claustra
1314 1593 1543 1648 Sabinis

143 1666 307 1720 quta
333 1696 399 1705 -—-
425 1684 603 1720 nonne
641 1667 828 1720 uides?
867 1686 1039 1738 neque
1084 1668 1227 1720 enim
1266 1668 1476 1721 leuiora
1508 1667 1796 1720 domantur

145 1740 362 1793 Delicta
389 1770 453 1779 —
481 1741 691 1793 illatrat
729 1741 923 1794 ieiunis
962 1741 1209 1795 faucibus
1250 1741 1497 1810 OrthruS‚
1743 1752 1831 1794 845

145 1815 395 1867 Armenti
433 1815 706 1884 quondam
746 1818 931 1868 custos
974 1816 1227 1868 immanis
1266 1815 1474 1883 Hiberi,

142 1887 221 1940 Et
259 1906 444 1941 morsu
483 1889 622 1957 petit
661 1891 715 1941 et
750 1889 963 1957 polluto
1004 1890 1268 1943 euiscerat
1305 1905 1500 1958 ungue.

145 1961 261 2015 Nec
298 1980 398 2030 par
435 1980 610 2031 poena
647 1965 832 2015 tamen
871 1964 1082 2033 sceleri3
1122 1962 1358 2017 sacraria
1397 1962 1598 2016 Uestae

146 2034 369 2104 Polluit,
409 2039 570 2088 exuta
611 2036 715 2088 sibi
754 2036 1084 2106 uirginitate,
1123 2037 1385 2090 sacerdos,

148 2107 254 2162 Sed
294 2108 427 2161 satis
465 2109 598 2162 haec
638 2110 854 2179 uidisse,
885 2110 1052 2163 satis?

1062 2182 1190 2236 Mox
1221 2183 1429 2236 deinde:
1462 2182 1713 2236 eUidenti
1736 2195 1828 2236 850

147 2253 307 2308 Nunc
347 2255 554 2308 animas
592 2256 711 2325 tibi,
751 2275 887 2325 quae
925 2260 1119 2325 potant
1159 2257 1376 2324 obliuia,
1414 2275 1613 2325 paucas

148 2327 214 2380 In
251 2329 354 2381 fine
395 2347 738 2382 enumerasse
777 2348 928 2399 paro,
967 2334 1021 2383 et
1058 2348 1298 2382 remeare
1337 2329 1589 2382 tenebris

275 2519 361 2559 828
393 2517 571 2572 spreuit
600 2517 740 2561 Blass
770 2543 826 2550 —
858 2517 1004 2576 bella]
1037 2518 1134 2562 tela
1165 2518 1389 2563 Schrader
1457 2521 1542 2562 829
1574 2530 1736 2574 parem
1761 2521 1831 2561 ov

154 2600 211 2608 -
234 2573 419 2630 optabit
448 2575 642 2633 Bentley
673 2580 714 2619 et
743 2575 801 2619 L.
830 2577 1005 2621 Maller
1028 2578 1072 2621 d.
1096 2591 1133 2621 r.
1158 2591 1214 2621 m.
1233 2591 1283 2633 p.
1308 2580 1398 2621 174
1489 2580 1576 2620 830
1608 2575 1775 2621 cloelia
1797 2581 1830 2619 1.

154 2635 274 2678 deest
303 2635 356 2677 in
386 2637 419 2675 F
459 2634 613 2678 clodia
645 2637 675 2675 0
716 2634 872 2678 doelia
901 2638 939 2676 V
1060 2640 1145 2679 833
1177 2635 1385 2679 curribus
1415 2639 1483 2677 FO
1520 2633 1729 2679 turribus
1759 2639 1832 2677 ΙΝ

154 2696 242 2737 838
274 2692 452 2748 Ingerit
466 2691 612 2737 Bothe
629 2717 685 2725 -
703 2693 803 2750 ora]
837 2706 973 2737 auras
997 2695 1069 2737 uel
1093 2695 1218 2738 astra
1233 2694 1459 2739 Schrader
1525 2697 1610 2738 841
1627 2707 1779 2738 arcem
1799 2698 1829 2736 0

151 2753 300 2795 artem
332 2754 439 2793 Lrv
563 2754 648 2795 845
683 2749 877 2796 Orthrus
910 2756 970 2794 oh
1002 2752 1162 2796 orthus
1192 2757 1227 2795 F
1317 2757 1401 2797 847
1435 2751 1667 2808 pollutam
1698 2753 1830 2807 Lese-

154 2811 265 2855 bure
311 2805 571 2867 polluctam
602 2810 750 2854 Bothe
868 2815 955 2855 848
986 2810 1167 2870 sceleri]
1201 2810 1343 2856 sideri
1373 2816 1408 2854 Ε
1550 2815 1637 2856 850
1668 2812 1830 2855 uiden·

147 2869 245 2913 tem
290 2873 398 2911 Lov
450 2868 690 2913 iubentem
736 2873 770 2911 Ε·
812 2894 867 2902 -
907 2870 974 2914 sie
1018 2870 1234 2915 distinxit
1280 2870 1464 2926 Withof
1507 2884 1615 2915 mox
1661 2870 1829 2915 deinde

146 2926 329 2972 uidenti
359 2928 498 2985 uulqo
619 2931 703 2971 852
738 2941 1031 2974 enumerasse
1056 2933 1117 2971 eh
