1988 3190
174 116 282 169 120
842 115 955 161 SILI
984 115 1204 161 ITALICI

169 250 292 305 Heu
333 254 536 320 quanta
575 251 940 305 Hannibalem
981 253 1187 306 clarum
1228 252 1441 307 factura
1478 254 1658 308 ruina!
1695 285 1760 294 —

170 325 526 381 Procubuere.
588 326 731 379 iacet
770 327 976 395 campis
1017 324 1368 398 Carthaginis
1406 327 1615 382 horror.
1781 343 1869 385 340

170 399 382 453 Forsan
424 398 706 470 Scipiadae
747 400 979 454 confecti
1017 401 1242 455 nomina
1281 401 1414 455 belli

171 473 468 543 RapturuS,
509 474 557 527 si
596 474 716 543 quis
755 474 978 544 paulum
1019 475 1147 528 deus
1189 475 1409 529 adderet
1452 494 1602 531 aeuo,

247 547 417 602 Collis
455 547 805 617 Agenoreum
847 549 1137 602 dirimebat
1179 549 1248 602 ab
1289 567 1488 621 aggere
1526 551 1735 605 uallum

172 622 419 675 Ausonio
449 653 512 661 —
541 621 723 675 Dauni
762 622 981 676 Mauors
1022 623 1340 676 consederat
1379 625 1551 678 aruis.⁴

172 695 437 749 Curarum
477 714 655 750 comes
697 699 751 749 eb
792 697 988 749 summi
1029 695 1311 767 Crispinus
1350 698 1573 752 honoris
1781 712 1868 753 345

173 769 435 824 Marcello
477 771 655 824 socius
697 771 1005 824 communia
1042 771 1188 824 bella
1227 771 1416 826 ciebat.

169 843 258 897 Ad
297 863 455 913 quem
494 844 814 898 Marcellus:
854 843 1065 899 ‘Gesizit
1103 845 1335 898 lustrare
1373 847 1704 917 propinquas

170 917 326 971 Mens
369 918 539 972 siluas
580 919 866 988 medioque
906 919 1054 972 uiros
1093 919 1372 988 imponere
1411 922 1602 990 monti,

170 991 256 1045 Ne
296 991 468 1062 Libys
510 993 735 1046 occultis
775 993 1046 1046 tumulum
1087 994 1235 1062 prior
1275 998 1501 1063 occupet
1540 995 1703 1049 ausiS.

174 1064 231 1118 Si
271 1066 421 1119 cordi
461 1070 561 1136 esla,
601 1070 655 1120 te
694 1067 1033 1136 participem,
1073 1066 1336 1136 Crispine,
1374 1068 1580 1122 laboris
1780 1082 1869 1123 350

171 1139 311 1193 Esse
350 1140 532 1193 uelim.
593 1159 891 1210 numquam
932 1141 1127 1193 desunt
1166 1142 1417 1195 consulta
1456 1141 1703 1196 duobus⁹

170 1213 321 1268 Haec
359 1214 455 1267 ubi
495 1214 693 1285 sedere,
732 1214 970 1268 ardentis
1011 1215 1263 1268 asstollere
1305 1233 1421 1268 sese

171 1288 290 1341 Iam
331 1288 535 1341 dudum
575 1291 788 1342 certant
827 1289 885 1341 in
925 1307 1104 1358 equos.
1167 1287 1473 1360 MarceIIUS,
1511 1293 1573 1343 ut
1613 1308 1765 1343 arma

174 1364 472 1432 Aptantem
511 1367 704 1415 natum
743 1363 955 1432 aspexit
993 1363 1303 1432 laetumque
1341 1364 1602 1417 tumulbu:

174 1435 428 1507 ‘UinciS,'
470 1437 564 1504 ait,
604 1436 847 1491 ‘nostros
887 1436 1132 1489 mirando
1174 1437 1362 1490 ardore
1403 1437 1634 1509 uigores.
1778 1451 1865 1492 355

177 1509 262 1564 Sit
299 1514 682 1580 praematurus
722 1510 853 1563 felix
891 1511 1063 1580 labor,
1102 1511 1233 1563 urbe
1276 1509 1471 1564 Sicana

177 1584 404 1647 Qualem
445 1588 499 1637 te
539 1585 666 1650 uidi,
704 1585 945 1638 nondum
985 1585 1324 1654 permitteret
1363 1589 1511 1639 aessas

179 1657 317 1712 Cum
357 1659 459 1711 tibi
498 1659 658 1728 bella,
699 1677 818 1712 meo
858 1661 1186 1711 tractan’cem
1225 1659 1437 1728 proelia.
1475 1659 1647 1713 uultu,

178 1731 315 1800 Huc,
356 1733 534 1801 dcem,
572 1733 694 1801 huc,
731 1737 996 1801 nostrum,
1035 1732 1196 1785 lateri
1235 1735 1290 1785 te
1328 1733 1491 1803 iunge
1531 1737 1757 1802 paterno

175 1806 250 1858 Et
290 1825 374 1859 me
415 1806 560 1859 disce
599 1825 803 1859 nouum
843 1806 1077 1859 Martem
1116 1809 1327 1859 tentare
1367 1804 1670 1876 magistro?
1783 1821 1870 1861 360

176 1879 332 1948 Tum,
371 1879 525 1949 pueri
564 1881 701 1933 colla
741 1881 1087 1949 amplectenS‚
1127 1879 1203 1932 sic
1242 1898 1414 1948 pauca
1453 1886 1731 1949 precatur:

175 1952 428 2007 ‘Summe
470 1954 642 2023 deum,
681 1953 903 2023 Libyco,
940 1953 1097 2023 faxiS‚
1137 1953 1200 2006 de
1241 1953 1488 2020 praeside
1527 1972 1670 2007 nunc
1708 1954 1810 2024 his,

174 2027 276 2080 His
318 2027 560 2080 humeris
600 2027 703 2080 tibi
743 2029 924 2097 opima
963 2025 1169 2080 feram.'
1238 2025 1354 2080 Nec
1392 2028 1566 2098 plura,
1605 2046 1794 2082 sereno

175 2099 519 2172 Sanguineos
558 2100 702 2154 fudit
742 2120 863 2154 cum
902 2101 1107 2170 Iupiter
1148 2100 1364 2154 aethere
1403 2119 1554 2154 rores

175 2175 359 2244 Atque
393 2175 526 2229 atris
567 2194 719 2228 arma
758 2176 994 2245 aspersit
1031 2193 1141 2227 non
1179 2193 1442 2244 prospera
1482 2175 1668 2245 guttis.
1782 2189 1866 2229 365

175 2249 411 2302 Uixdum
452 2249 625 2302 finitis
664 2250 938 2302 intrarant
976 2248 1199 2302 uocibus
1240 2253 1386 2302 artas

175 2322 406 2375 Letiferi
447 2323 603 2375 collis
643 2323 843 2392 fauceS‚
883 2341 1005 2376 cum
1043 2323 1206 2375 turba
1243 2323 1477 2376 uolucris

175 2397 451 2450 Inuadunt
490 2395 765 2450 Nomades
805 2397 997 2450 iaculis
1036 2397 1328 2465 nimboque
1367 2395 1616 2450 ferunlzur

295 2575 381 2615 339
429 2570 532 2615 Heu
580 2572 775 2626 quanta,
824 2570 880 2616 H.
932 2572 1109 2615 clarum
1157 2570 1363 2627 factura,
1413 2571 1549 2616 ruina
1595 2570 1779 2616 Gronov
1826 2575 1867 2616 et

177 2630 404 2674 Heinsius
450 2628 506 2673 H.
541 2633 768 2685 quantum
807 2630 865 2674 H.
899 2630 1027 2675 clara
1066 2630 1273 2674 fractura.
1311 2645 1346 2675 r.
1380 2635 1406 2673 S
1453 2630 1510 2675 H.
1551 2631 1779 2686 quantum
1810 2629 1866 2673 H.

179 2689 308 2732 clara
339 2688 524 2732 factura,
554 2703 590 2734 r.
614 2688 760 2733 Bothe
881 2693 964 2732 341
999 2689 1187 2735 nomine
1213 2693 1283 2731 ov
1404 2693 1488 2733 347
1521 2688 1810 2745 propinquus
1840 2692 1867 2730 Β

178 2751 266 2791 349
300 2746 474 2791 occulti
499 2772 552 2779 —
579 2753 707 2792 astus
739 2749 813 2792 uel
845 2749 1028 2793 occulto
1048 2774 1101 2780 —
1121 2749 1227 2792 astu
1251 2747 1476 2792 Heinsius
1555 2751 1641 2791 352
1675 2747 1771 2790 Nec
1797 2750 1868 2788 ov

181 2810 269 2850 354
300 2805 530 2849 tumultus
563 2807 787 2851 Heinsius
945 2810 1032 2851 358
1064 2806 1218 2864 uultu]
1252 2805 1346 2850 ritu
1378 2806 1603 2850 Heinsius
1647 2807 1764 2849 nutu
1794 2805 1869 2850 uel

182 2864 327 2908 ductu
368 2864 553 2919 Withof
719 2870 804 2909 362
844 2880 966 2909 nunc
1004 2865 1078 2909 his
1117 2869 1178 2908 ch
1230 2865 1427 2909 nunchis
1466 2869 1534 2907 ΒΕ
1588 2863 1757 2908 uinclis
1797 2867 1868 2906 OV

185 2927 272 2968 368
304 2922 544 2967 momades
575 2928 609 2965 F
653 2924 892 2969 meniades
925 2928 991 2967 Lo
1039 2924 1281 2968 nioniades
1313 2928 1349 2965 V
