1988 3190
222 160 295 214 62
890 159 1004 204 SILI
1034 158 1254 205 ITALIOI

220 295 384 350 Stant
423 314 596 364 aureS‚
634 295 853 365 imoque
893 295 1038 349 cadit
1075 296 1247 349 barba
1284 295 1502 364 hispida
1540 299 1740 351 mento,

215 370 499 424 Pastorale
540 370 639 424 deo
679 370 950 437 baculum,
988 369 1256 440 pellisque
1297 370 1579 424 sinistrum

215 445 384 499 Uelat
423 448 584 514 grata
621 445 765 496 latus
805 446 1025 497 tenerae
1067 444 1131 497 de
1171 462 1396 514 corpore
1437 444 1697 499 dammae.
1823 457 1911 499 335

216 519 390 573 Nulla
427 519 485 571 in
523 521 879 589 praeruptum
917 521 1033 571 tam
1079 536 1253 588 prona
1293 522 1347 571 et
1389 518 1668 588 inhospita
1713 522 1913 590 cauteS,

215 592 282 646 In
322 612 428 662 qua
466 611 592 661 non,
631 592 839 645 librans
881 610 1073 662 corpus
1115 592 1415 662 similisque
1455 593 1682 663 uolanti,

218 665 581 736 Cornipedem
620 667 809 719 tulerit
845 668 1090 736 praecisa
1127 685 1225 735 per
1265 667 1389 720 auia
1426 667 1688 736 plantam.

217 741 498 795 Interdum
538 740 769 794 inflexus
816 740 992 794 medio
1032 741 1312 793 nascentia
1350 745 1505 812 tergo

217 815 465 885 Respicit
505 815 746 868 arridens
785 815 963 868 hirtae
1003 814 1242 867 ludibria
1280 815 1494 868 caudae.
1822 828 1910 870 340

218 889 640 959 Obtendensque
679 907 902 942 manum
943 889 1115 942 solem
1154 888 1510 943 inferuescere
1549 889 1719 943 fronti

214 963 384 1017 Arcet
423 967 478 1016 et
515 964 771 1016 umbrato
811 963 1111 1033 perlustrat
1147 981 1348 1033 pascua
1386 964 1524 1017 uisu·

216 1038 336 1107 Hic,
375 1041 667 1108 postquam
707 1037 967 1090 mandata
1006 1037 1092 1090 dei
1128 1037 1370 1106 perfecta
1408 1037 1717 1108 malamque

220 1111 446 1166 Sedauit
483 1113 691 1165 rabiem
732 1114 787 1164 et
826 1110 1114 1180 permulsit
1153 1111 1316 1164 corda
1354 1112 1643 1183 furentum,

214 1185 483 1239 Arcadiae
523 1186 759 1239 uolucris
801 1186 974 1238 saltus
1016 1187 1070 1238 et
1109 1190 1294 1238 amata
1332 1186 1524 1239 reuisit
1823 1199 1911 1242 345

217 1259 490 1330 Maenala3
529 1261 639 1330 ubi,
677 1259 888 1330 argutis
927 1261 1091 1330 longe
1131 1260 1196 1311 de
1234 1259 1438 1313 uertice
1479 1277 1632 1313 sacro

216 1334 388 1388 Dulce
429 1352 630 1388 sonans
670 1334 909 1399 calamiS,
950 1333 1099 1387 ducit
1137 1333 1355 1386 stabula
1395 1334 1579 1387 omnia
1619 1337 1795 1388 cantu.

291 1407 369 1462 At
404 1408 552 1478 legio
590 1407 948 1477 Ausonidum,
988 1407 1240 1460 flammas
1280 1407 1501 1460 ductore
1540 1408 1761 1463 iubente

216 1481 411 1535 Arceri
448 1483 623 1553 portis
665 1482 972 1551 stantisque
1011 1482 1313 1551 relinquere
1353 1500 1553 1551 murOS‚

218 1587 288 1594 —
314 1556 450 1610 Mite
475 1558 637 1610 decus
663 1556 862 1610 mentis
885 1587 947 1594 —-
970 1556 1209 1609 condunt
1234 1574 1494 1625 ensesque
1518 1556 1784 1626 facesque.
1821 1570 1909 1612 350

213 1629 393 1683 Multa
432 1631 591 1684 deum
628 1631 851 1701 templis
891 1630 1248 1700 domibusque
1287 1629 1590 1684 nitentibus
1632 1649 1765 1685 auro

215 1704 477 1775 Egeritur
515 1706 733 1775 praeda,
765 1707 820 1757 et
851 1705 1028 1757 uictus
1070 1704 1331 1757 alimenta
1371 1704 1608 1775 superbi,

218 1777 458 1849 Quisque
497 1780 656 1832 bonis
696 1779 920 1849 periere,
957 1781 1139 1831 uirum
1181 1778 1244 1830 de
1282 1796 1505 1846 corpore
1544 1781 1723 1832 uestes

215 1851 520 1923 Femineae,
558 1870 880 1921 mensaeque
921 1852 1030 1904 alia
1067 1852 1263 1904 tellure
1301 1852 1522 1921 petitae,

214 1926 526 1996 Poculaque
563 1927 684 1980 an
723 1927 911 1979 luxum
949 1925 1224 1978 irritantia
1262 1942 1491 1995 gemma.
1821 1939 1908 1981 355

214 1998 333 2053 Nec
372 2001 565 2054 modus
607 2003 852 2071 argentO,
892 2000 1206 2069 caelataque
1244 1999 1488 2069 pondera
1524 1998 1658 2053 facti

215 2073 452 2128 Tantum
493 2075 668 2144 epulis
710 2075 842 2144 auri,
880 2077 997 2126 tum
1036 2074 1244 2143 passim
1284 2092 1515 2143 corpora
1554 2074 1721 2145 longo

216 2146 418 2202 Ordine
460 2149 693 2219 captiua,
734 2151 788 2201 et
828 2148 1076 2201 domibus
1118 2148 1440 2218 deprompta
1478 2148 1700 2218 talenta,

213 2221 443 2276 Pascere
483 2224 845 2294 longinquum
884 2240 994 2275 non
1034 2222 1338 2275 deficientia
1375 2222 1599 2291 bellum,

214 2295 579 2367 Immensique
620 2314 812 2367 greges
851 2295 1087 2349 famulae
1129 2296 1195 2348 ad
1235 2295 1485 2348 conuiuia
1523 2296 1732 2349 turbae.
1819 2310 1908 2350 360

288 2370 536 2441 Fuluius,
577 2374 637 2424 ut
673 2371 837 2424 finem
877 2369 1175 2440 spoliandis
1216 2368 1455 2440 aedibu8‚
1492 2387 1616 2422 aere

335 2566 420 2605 333
453 2574 641 2618 unoque
674 2562 798 2605 cml.
825 2560 855 2605 l.
886 2560 1075 2616 imaque
1107 2573 1163 2604 m.
1196 2563 1229 2604 2
1269 2559 1323 2603 in
1361 2559 1575 2604 lacunam
1610 2559 1833 2605 insertum
1861 2563 1905 2611 et

212 2631 443 2675 suprascr.
478 2620 685 2677 simoque
709 2626 743 2663 F
788 2621 930 2678 (quod
952 2620 1069 2665 coni.
1095 2618 1342 2674 Heinsius)
1372 2631 1596 2675 sumoque
1626 2623 1660 2661 L
1699 2632 1903 2664 summo-

215 2691 303 2733 que
337 2682 408 2720 ov
441 2679 515 2734 (T.
542 2693 594 2736 p.
618 2682 735 2735 233)
866 2682 953 2723 335
985 2677 1144 2736 grata]
1174 2679 1313 2733 rapta
1337 2677 1562 2723 Heinsius
1593 2676 1737 2722 Graia
1757 2678 1905 2723 Bothe

215 2761 272 2769 --
297 2735 495 2782 damnae
518 2743 587 2780 ΒΕ
620 2739 788 2783 damne
813 2741 850 2780 V
889 2738 1090 2794 dampna
1115 2741 1146 2779 0
1305 2741 1392 2781 337
1423 2736 1478 2781 111
1510 2749 1651 2793 quam
1681 2736 1904 2791 Lefebure

214 2799 302 2839 344
317 2796 565 2852 permulsit
590 2799 707 2843 cml.
726 2799 756 2843 Ζ.
826 2801 912 2842 346
938 2795 1101 2854 longe]
1126 2795 1309 2852 Tegeae
1326 2796 1553 2842 Heinsius
1619 2799 1707 2839 347
1731 2807 1901 2839 sonans

216 2853 445 2900 Heinsius
476 2860 517 2900 et
546 2856 741 2915 Bentley
779 2859 948 2901 sonant
980 2861 1007 2899 S
1054 2856 1191 2899 sonat
1220 2855 1362 2914 uuly‘o
1492 2857 1578 2899 355
1610 2852 1785 2897 Pocula
1815 2866 1900 2898 om.

212 2927 301 2969 que
327 2917 398 2956 ov
431 2940 486 2946 —
520 2928 607 2959 oea
631 2921 657 2958 s
689 2941 748 2948 -
779 2916 961 2974 luxum]
988 2915 1138 2959 lucem
1163 2914 1304 2960 Blass
1369 2918 1457 2959 360
1480 2913 1637 2970 gregis
1661 2912 1903 2959 Nicander

213 2973 386 3030 aliique
419 2999 473 3005 —
507 2973 727 3019 conuiuia
757 2980 789 3017 1.
833 2975 1050 3019 comunia
1080 2977 1148 3016 ΕΟ
1192 2973 1301 3021 οὸἶει
1331 2977 1370 3015 V
