1988 3190
623 146 986 194 PUNICORUM
1015 145 1198 191 LIBER
1227 146 1349 192 XIV.
1754 144 1824 198 81

143 284 378 338 Seruitia
417 287 580 354 atque
626 283 830 336 hiemes
880 285 1166 352 aestusque
1196 281 1488 351 fugamque
1518 281 1824 351 fretumque

137 359 320 428 Atque
352 358 565 425 famem,
606 376 767 428 quam
797 374 958 427 posse
991 357 1151 410 mori!
1214 359 1341 426 post
1372 355 1516 409 Itala
1547 356 1690 409 bella
1737 369 1823 410 885

141 432 369 503 Assyrio
407 431 646 485 famulus
686 432 805 501 regi
842 430 1119 501 falsusque
1159 430 1330 500 cupiti

140 506 417 560 Ausoniae
457 508 653 573 motUS,
692 505 857 558 dubio
897 507 1047 574 petet
1087 523 1322 574 aequora
1359 505 1497 574 ue10,

140 580 340 649 Donec,
378 579 664 633 Prusiacas
705 579 916 632 delatus
959 579 1198 649 segniter
1238 597 1376 648 oras,

140 653 331 708 Altera
371 653 596 707 seruitia
634 653 844 706 imbelli
881 653 1118 723 patietur
1157 653 1214 705 in
1254 670 1387 705 aeuo

139 728 216 782 Et
253 728 523 781 latebram
563 745 757 780 munus
788 727 958 797 regni.
1019 726 1393 796 perstantibus
1433 726 1556 779 inde
1738 738 1828 779 890

139 801 408 855 Aeneadis
448 800 705 870 reddique
746 801 853 854 sibi
891 801 1239 870 poscentibus
1270 800 1501 866 hostem,

141 876 343 929 Pocula
382 875 587 928 furtiuo
626 874 808 944 rapiet
846 878 1139 944 properata
1170 892 1377 927 ueneno

142 948 225 1003 Ac
264 950 485 1003 tandem
524 951 697 1001 terras
730 950 896 1018 longa
933 948 1222 1001 formidine
1262 946 1473 1002 soluet.'

218 1022 368 1076 Haec
406 1026 562 1076 uates
602 1022 874 1091 Erebique
914 1022 1062 1076 cauis
1104 1040 1160 1075 se
1199 1022 1432 1075 reddidit
1471 1021 1691 1074 umbris.

143 1096 283 1150 Tum
321 1098 499 1150 laetus
541 1096 716 1150 socios
756 1096 967 1149 iuuenis
1006 1099 1331 1165 portumque
1370 1096 1575 1149 reuisit.
1743 1107 1830 1148 895

719 1458 888 1518 SILI
940 1459 1254 1519 ITALIOI

488 1597 542 1663 P
593 1597 663 1663 U
722 1598 794 1664 N
853 1597 886 1664 I
949 1597 1003 1664 O
1065 1597 1124 1664 Ο
1182 1598 1247 1666 R
1300 1597 1369 1665 U
1429 1597 1509 1665 M

589 1739 773 1785 LIBER
804 1740 1082 1796 QUARTUS
1114 1740 1396 1787 bacmos.

149 1890 375 1944 Flectite
413 1909 556 1944 nunc
596 1894 824 1959 uestros,
862 1890 1144 1945 Heliconis
1184 1890 1424 1961 numina,
1464 1894 1654 1944 cantus

153 1964 411 2034 Ortygiae
450 1965 675 2034 pelagus
718 1963 991 2034 Siculique
1031 1965 1098 2018 ad
1135 1964 1312 2018 litoris
1351 1965 1531 2021 urbes,

151 2038 391 2091 Muneris
431 2038 520 2091 hic
558 2039 730 2091 uestri
769 2039 925 2092 labor
965 2042 1062 2108 est,
1099 2039 1260 2091 modo
1300 2038 1514 2092 Daunia
1551 2056 1723 2110 regna

152 2111 482 2179 Aeneadum,
520 2112 697 2165 modos
723 2111 963 2165 Sicanios
1003 2112 1253 2165 accedere
1292 2115 1498 2182 portuS‚

153 2186 267 2238 Aut
304 2185 577 2238 Macetum
614 2186 845 2238 lustrare
885 2186 1072 2238 domos
1113 2188 1166 2238 et
1203 2184 1445 2238 Achaica
1483 2204 1625 2255 rura,
1807 2198 1835 2239 ὅ

154 2258 268 2311 Aut
305 2275 447 2328 uaga
488 2257 693 2311 Sardoo
733 2259 966 2329 uestigia
1003 2259 1214 2328 tingere
1251 2259 1435 2322 fluctU,

154 2330 257 2384 Uel
296 2331 489 2399 Tyriae
529 2331 799 2399 quondam
838 2337 1065 2402 regnata
1104 2332 1342 2401 mapalia
1381 2331 1547 2401 genti,

276 2537 364 2577 884
395 2535 643 2588 aestusque
669 2538 710 2588 8,
741 2539 793 2578 ut
817 2534 932 2577 coni.
957 2533 1202 2578 Liuineius
1226 2537 1267 2577 et
1288 2532 1481 2589 Bentley
1512 2533 1672 2577 aestus
1696 2532 1838 2589 uulqo

159 2596 244 2636 885
275 2605 410 2636 nosse
440 2590 633 2658 Bentley
701 2595 786 2635 886
818 2591 1055 2646 falsusque
1085 2596 1117 2633 1.
1155 2591 1399 2646 fassusque
1430 2595 1539 2633 Fov
1581 2605 1837 2648 eassusque

157 2651 382 2695 Heinsius
485 2653 570 2694 889
602 2649 807 2694 1mbellis
837 2654 943 2691 Lov
981 2649 1181 2693 limbelli
1210 2654 1245 2691 F
1356 2654 1441 2694 893
1474 2652 1541 2694 Ac
1566 2655 1638 2693 cm
1660 2650 1754 2706 Ep.
1779 2654 1839 2694 44

159 2710 224 2753 At
253 2714 285 2751 L
407 2713 494 2753 894
526 2707 734 2752 reddidit
764 2710 888 2752 cml.
923 2709 952 2752 l.
1001 2708 1187 2752 rettulit
1215 2714 1250 2752 Ε
1295 2707 1459 2752 retulit
1488 2712 1555 2751 Lo
1603 2708 1772 2753 rutulit
1801 2714 1839 2751 V

159 2772 244 2812 895
284 2767 437 2812 laetus
469 2767 593 2811 cml.
619 2767 646 2811 l.
682 2791 737 2799 —
769 2765 972 2824 iuuenis]
1012 2765 1205 2810 micenis
1236 2771 1269 2808 1.
1295 2768 1344 2823 (2)
1532 2771 1554 2810 1
1588 2766 1838 2812 Heliconia

161 2827 386 2872 Heinsius
417 2830 458 2870 et
487 2826 681 2883 Bentley
764 2830 790 2869 3
822 2825 930 2869 hinc
960 2825 1157 2882 Ruperti
1245 2829 1271 2869 5
1303 2824 1536 2870 Macetum
1567 2831 1640 2869 cm
1662 2826 1753 2882 Ep.
1779 2830 1840 2870 44

163 2911 220 2918 —
250 2884 431 2929 Achaia
461 2889 515 2940 0,
559 2885 678 2941 quod
711 2885 841 2940 prob.
874 2884 1198 2929 Drakenborch
1347 2889 1372 2928 6
1404 2884 1618 2941 tinguere
1651 2885 1775 2930 cml.
1808 2885 1838 2929 l.

166 2951 188 2990 7
221 2943 430 3001 magalia.
459 2944 533 2988 uel
562 2942 772 2999 magaria.
802 2943 1000 3000 Ruperti

253 3022 276 3055 S
280 3031 387 3059 IIIII
411 3025 431 3056 Ι
433 3031 613 3057 TTTTTTTT
645 3025 694 3058 Π.
1459 3020 1484 3058 6
