<?xml version="1.0" encoding="UTF-8"?>
<!DOCTYPE html PUBLIC "-//W3C//DTD XHTML 1.0 Transitional//EN"
    "http://www.w3.org/TR/xhtml1/DTD/xhtml1-transitional.dtd">
<html xmlns="http://www.w3.org/1999/xhtml" xml:lang="en" lang="en">
 <head>
  <title>
</title>
<meta http-equiv="Content-Type" content="text/html;charset=utf-8" />
  <meta name='ocr-system' content='tesseract 3.04.00' />
  <meta name='ocr-capabilities' content='ocr_page ocr_carea ocr_par ocr_line ocrx_word'/>
</head>
<body>
  <div class='ocr_page' id='page_1' title='image "./punicasili02siliuoft/punicasili02siliuoft_0046.png"; bbox 0 0 1988 3190; ppageno 0'>
   <div class='ocr_carea' id='block_1_1' title="bbox 236 131 1263 188">
    <p class='ocr_par' dir='ltr' id='par_1_1' title="bbox 236 131 1263 188">
     <span class='ocr_line' id='line_1_1' title="bbox 236 131 1263 188; baseline 0 -11"><span class='ocrx_word' id='word_1_1' title='bbox 236 135 308 188; x_wconf 76' lang='lat'>32</span> <span class='ocrx_word' id='word_1_2' title='bbox 763 131 765 133; x_wconf 73' lang='grc'><strong>’</strong></span> <span class='ocrx_word' id='word_1_3' title='bbox 898 131 1013 177; x_wconf 78' lang='lat' dir='ltr'>sim</span> <span class='ocrx_word' id='word_1_4' title='bbox 1043 131 1263 177; x_wconf 80' lang='lat' dir='ltr'>1TAL1o1</span> 
     </span>
    </p>
   </div>
   <div class='ocr_carea' id='block_1_2' title="bbox 175 267 1933 2409">
    <p class='ocr_par' dir='ltr' id='par_1_2' title="bbox 175 267 1926 1078">
     <span class='ocr_line' id='line_1_2' title="bbox 175 267 1696 338; baseline -0.001 -14"><span class='ocrx_word' id='word_1_5' title='bbox 175 301 180 306; x_wconf 89' lang='lat'><em>·</em></span> <span class='ocrx_word' id='word_1_6' title='bbox 234 269 486 324; x_wconf 81' lang='lat' dir='ltr'>Consulis</span> <span class='ocrx_word' id='word_1_7' title='bbox 527 267 804 336; x_wconf 77' lang='lat' dir='ltr'>abrumpit</span> <span class='ocrx_word' id='word_1_8' title='bbox 842 267 1029 334; x_wconf 87' lang='lat' dir='ltr'>dextra</span> <span class='ocrx_word' id='word_1_9' title='bbox 1069 267 1376 338; x_wconf 72' lang='lat' dir='ltr'>spoliatque</span> <span class='ocrx_word' id='word_1_10' title='bbox 1415 269 1696 323; x_wconf 89' lang='lat' dir='ltr'>nitentem.</span> 
     </span>
     <span class='ocr_line' id='line_1_3' title="bbox 239 341 1709 412; baseline 0 -14"><span class='ocrx_word' id='word_1_11' title='bbox 239 343 483 398; x_wconf 84' lang='lat' dir='ltr'>Soluitur</span> <span class='ocrx_word' id='word_1_12' title='bbox 522 359 680 396; x_wconf 93' lang='lat' dir='ltr'>omne</span> <span class='ocrx_word' id='word_1_13' title='bbox 721 341 882 394; x_wconf 88' lang='lat' dir='ltr'>decus</span> <span class='ocrx_word' id='word_1_14' title='bbox 923 341 1049 410; x_wconf 83' lang='lat' dir='ltr'>leto,</span> <span class='ocrx_word' id='word_1_15' title='bbox 1088 341 1384 411; x_wconf 88' lang='lat' dir='ltr'>niueosque</span> <span class='ocrx_word' id='word_1_16' title='bbox 1422 361 1520 412; x_wconf 91' lang='lat' dir='ltr'>per</span> <span class='ocrx_word' id='word_1_17' title='bbox 1559 347 1709 398; x_wconf 85' lang='lat' dir='ltr'>artus</span> 
     </span>
     <span class='ocr_line' id='line_1_4' title="bbox 233 414 1708 487; baseline -0.001 -15"><span class='ocrx_word' id='word_1_18' title='bbox 233 417 289 472; x_wconf 92' lang='lat' dir='ltr'>It</span> <span class='ocrx_word' id='word_1_19' title='bbox 329 417 552 487; x_wconf 83' lang='lat' dir='ltr'>Stygius</span> <span class='ocrx_word' id='word_1_20' title='bbox 593 415 744 469; x_wconf 93' lang='lat' dir='ltr'>color</span> <span class='ocrx_word' id='word_1_21' title='bbox 783 417 838 468; x_wconf 89' lang='lat' dir='ltr'>et</span> <span class='ocrx_word' id='word_1_22' title='bbox 875 414 1084 468; x_wconf 89' lang='lat' dir='ltr'>formae</span> <span class='ocrx_word' id='word_1_23' title='bbox 1124 416 1422 484; x_wconf 75' lang='lat' dir='ltr'><strong>populatur</strong></span> <span class='ocrx_word' id='word_1_24' title='bbox 1458 417 1708 472; x_wconf 89' lang='lat' dir='ltr'>honores.</span> 
     </span>
     <span class='ocr_line' id='line_1_5' title="bbox 232 489 1926 560; baseline 0 -14"><span class='ocrx_word' id='word_1_25' title='bbox 232 490 557 546; x_wconf 88' lang='lat' dir='ltr'>Ambrosiae</span> <span class='ocrx_word' id='word_1_26' title='bbox 599 489 835 542; x_wconf 81' lang='lat' dir='ltr'>cecidere</span> <span class='ocrx_word' id='word_1_27' title='bbox 876 507 1076 554; x_wconf 88' lang='lat' dir='ltr'>comae,</span> <span class='ocrx_word' id='word_1_28' title='bbox 1115 489 1427 560; x_wconf 89' lang='lat' dir='ltr'>uiolataque</span> <span class='ocrx_word' id='word_1_29' title='bbox 1467 492 1650 545; x_wconf 85' lang='lat' dir='ltr'>ceruix</span> <span class='ocrx_word' id='word_1_30' title='bbox 1838 505 1926 547; x_wconf 83' lang='grc'>245</span> 
     </span>
     <span class='ocr_line' id='line_1_6' title="bbox 233 563 1747 634; baseline 0.001 -15"><span class='ocrx_word' id='word_1_31' title='bbox 233 566 604 619; x_wconf 84' lang='lat' dir='ltr'>Marmoreum</span> <span class='ocrx_word' id='word_1_32' title='bbox 642 563 700 616; x_wconf 93' lang='lat' dir='ltr'>in</span> <span class='ocrx_word' id='word_1_33' title='bbox 736 563 985 634; x_wconf 89' lang='lat' dir='ltr'>iugulum</span> <span class='ocrx_word' id='word_1_34' title='bbox 1026 563 1165 617; x_wconf 89' lang='lat' dir='ltr'>collo</span> <span class='ocrx_word' id='word_1_35' title='bbox 1205 563 1424 617; x_wconf 91' lang='lat' dir='ltr'>labente</span> <span class='ocrx_word' id='word_1_36' title='bbox 1465 565 1747 620; x_wconf 73' lang='lat' dir='ltr'>recumbit.</span> 
     </span>
     <span class='ocr_line' id='line_1_7' title="bbox 233 637 1658 710; baseline 0 -17"><span class='ocrx_word' id='word_1_37' title='bbox 233 639 397 693; x_wconf 87' lang='lat' dir='ltr'>Haud</span> <span class='ocrx_word' id='word_1_38' title='bbox 437 657 589 692; x_wconf 84' lang='lat' dir='ltr'>secus</span> <span class='ocrx_word' id='word_1_39' title='bbox 629 637 846 692; x_wconf 89' lang='lat' dir='ltr'>Oceano</span> <span class='ocrx_word' id='word_1_40' title='bbox 885 637 1098 691; x_wconf 90' lang='lat' dir='ltr'>rediens</span> <span class='ocrx_word' id='word_1_41' title='bbox 1139 637 1456 706; x_wconf 79' lang='lat' dir='ltr'>Cythereius</span> <span class='ocrx_word' id='word_1_42' title='bbox 1497 638 1658 710; x_wconf 74' lang='lat' dir='ltr'>igni8‚</span> 
     </span>
     <span class='ocr_line' id='line_1_8' title="bbox 234 711 1562 783; baseline -0.001 -15"><span class='ocrx_word' id='word_1_43' title='bbox 234 713 372 768; x_wconf 82' lang='lat' dir='ltr'>Cum</span> <span class='ocrx_word' id='word_1_44' title='bbox 414 731 530 766; x_wconf 91' lang='lat' dir='ltr'>sese</span> <span class='ocrx_word' id='word_1_45' title='bbox 564 711 772 779; x_wconf 89' lang='lat' dir='ltr'>Ueneri</span> <span class='ocrx_word' id='word_1_46' title='bbox 810 712 979 764; x_wconf 86' lang='lat' dir='ltr'>iactat</span> <span class='ocrx_word' id='word_1_47' title='bbox 1017 711 1301 781; x_wconf 85' lang='lat' dir='ltr'>splendore</span> <span class='ocrx_word' id='word_1_48' title='bbox 1340 712 1562 783; x_wconf 84' lang='lat' dir='ltr'>refectO,</span> 
     </span>
     <span class='ocr_line' id='line_1_9' title="bbox 236 785 1618 854; baseline -0.001 -13"><span class='ocrx_word' id='word_1_49' title='bbox 236 787 296 842; x_wconf 80' lang='lat' dir='ltr'>Si</span> <span class='ocrx_word' id='word_1_50' title='bbox 336 788 516 840; x_wconf 89' lang='lat' dir='ltr'>subita</span> <span class='ocrx_word' id='word_1_51' title='bbox 555 786 782 839; x_wconf 89' lang='lat' dir='ltr'>inuadat</span> <span class='ocrx_word' id='word_1_52' title='bbox 817 786 1005 854; x_wconf 78' lang='lat' dir='ltr'>nubeS‚</span> <span class='ocrx_word' id='word_1_53' title='bbox 1044 785 1334 839; x_wconf 90' lang='lat' dir='ltr'>hebetatur</span> <span class='ocrx_word' id='word_1_54' title='bbox 1372 789 1442 854; x_wconf 87' lang='lat' dir='ltr'>et,</span> <span class='ocrx_word' id='word_1_55' title='bbox 1483 788 1618 840; x_wconf 87' lang='lat' dir='ltr'>atris</span> 
     </span>
     <span class='ocr_line' id='line_1_10' title="bbox 234 859 1925 930; baseline 0.001 -16"><span class='ocrx_word' id='word_1_56' title='bbox 234 862 562 916; x_wconf 88' lang='lat' dir='ltr'>Decrescens</span> <span class='ocrx_word' id='word_1_57' title='bbox 602 859 860 928; x_wconf 80' lang='lat' dir='ltr'>tenebriS,</span> <span class='ocrx_word' id='word_1_58' title='bbox 899 860 1217 930; x_wconf 87' lang='lat' dir='ltr'>languentia</span> <span class='ocrx_word' id='word_1_59' title='bbox 1256 860 1464 913; x_wconf 89' lang='lat' dir='ltr'>lumina</span> <span class='ocrx_word' id='word_1_60' title='bbox 1503 861 1701 915; x_wconf 84' lang='lat' dir='ltr'>condit.</span> <span class='ocrx_word' id='word_1_61' title='bbox 1838 874 1925 916; x_wconf 89' lang='grc'>250</span> 
     </span>
     <span class='ocr_line' id='line_1_11' title="bbox 235 933 1534 1005; baseline 0 -17"><span class='ocrx_word' id='word_1_62' title='bbox 235 935 359 1005; x_wconf 90' lang='lat' dir='ltr'>Ipse</span> <span class='ocrx_word' id='word_1_63' title='bbox 402 936 564 988; x_wconf 88' lang='lat' dir='ltr'>etiam</span> <span class='ocrx_word' id='word_1_64' title='bbox 608 937 768 1003; x_wconf 92' lang='lat' dir='ltr'>rapta</span> <span class='ocrx_word' id='word_1_65' title='bbox 805 933 1074 986; x_wconf 85' lang='lat' dir='ltr'>Pedianus</span> <span class='ocrx_word' id='word_1_66' title='bbox 1116 933 1322 986; x_wconf 87' lang='lat' dir='ltr'>casside</span> <span class='ocrx_word' id='word_1_67' title='bbox 1360 935 1534 988; x_wconf 88' lang='lat' dir='ltr'>nudos</span> 
     </span>
     <span class='ocr_line' id='line_1_12' title="bbox 233 1007 1596 1078; baseline -0.001 -15"><span class='ocrx_word' id='word_1_68' title='bbox 233 1009 520 1063; x_wconf 90' lang='lat' dir='ltr'>Attonitus</span> <span class='ocrx_word' id='word_1_69' title='bbox 562 1011 746 1078; x_wconf 89' lang='lat' dir='ltr'>stupet</span> <span class='ocrx_word' id='word_1_70' title='bbox 785 1007 852 1060; x_wconf 90' lang='lat' dir='ltr'>ad</span> <span class='ocrx_word' id='word_1_71' title='bbox 890 1007 1075 1060; x_wconf 85' lang='lat' dir='ltr'>uultus</span> <span class='ocrx_word' id='word_1_72' title='bbox 1116 1008 1333 1078; x_wconf 86' lang='lat' dir='ltr'>irasque</span> <span class='ocrx_word' id='word_1_73' title='bbox 1374 1012 1596 1062; x_wconf 88' lang='lat' dir='ltr'>coercet.</span> 
     </span>
    </p>

    <p class='ocr_par' dir='ltr' id='par_1_3' title="bbox 224 1082 1933 2409">
     <span class='ocr_line' id='line_1_13' title="bbox 308 1082 1825 1154; baseline 0.001 -18"><span class='ocrx_word' id='word_1_74' title='bbox 308 1083 462 1151; x_wconf 81' lang='lat' dir='ltr'>Tum,</span> <span class='ocrx_word' id='word_1_75' title='bbox 504 1083 717 1154; x_wconf 87' lang='lat' dir='ltr'>galeam</span> <span class='ocrx_word' id='word_1_76' title='bbox 743 1098 957 1152; x_wconf 71' lang='lat' dir='ltr'>‘magno</span> <span class='ocrx_word' id='word_1_77' title='bbox 1001 1082 1207 1135; x_wconf 78' lang='lat' dir='ltr'>socium</span> <span class='ocrx_word' id='word_1_78' title='bbox 1248 1082 1484 1135; x_wconf 92' lang='lat' dir='ltr'>clamore</span> <span class='ocrx_word' id='word_1_79' title='bbox 1522 1086 1825 1153; x_wconf 72' lang='lat' dir='ltr'>repertam,</span> 
     </span>
     <span class='ocr_line' id='line_1_14' title="bbox 233 1156 1639 1226; baseline 0.001 -16"><span class='ocrx_word' id='word_1_80' title='bbox 233 1157 510 1210; x_wconf 89' lang='lat' dir='ltr'>Immitem</span> <span class='ocrx_word' id='word_1_81' title='bbox 550 1156 834 1226; x_wconf 89' lang='lat' dir='ltr'>quatiebat</span> <span class='ocrx_word' id='word_1_82' title='bbox 873 1173 1084 1225; x_wconf 90' lang='lat' dir='ltr'>equum,</span> <span class='ocrx_word' id='word_1_83' title='bbox 1126 1156 1436 1225; x_wconf 86' lang='lat' dir='ltr'>spumantia</span> <span class='ocrx_word' id='word_1_84' title='bbox 1476 1175 1639 1211; x_wconf 90' lang='lat' dir='ltr'>saeuo</span> 
     </span>
     <span class='ocr_line' id='line_1_15' title="bbox 230 1229 1923 1299; baseline -0.001 -14"><span class='ocrx_word' id='word_1_85' title='bbox 230 1231 410 1285; x_wconf 82' lang='lat' dir='ltr'>Frena</span> <span class='ocrx_word' id='word_1_86' title='bbox 449 1232 819 1285; x_wconf 85' lang='lat' dir='ltr'>cruentantem</span> <span class='ocrx_word' id='word_1_87' title='bbox 860 1248 1062 1299; x_wconf 79' lang='lat' dir='ltr'>morsu3</span> <span class='ocrx_word' id='word_1_88' title='bbox 1113 1230 1199 1282; x_wconf 88' lang='lat' dir='ltr'>cui</span> <span class='ocrx_word' id='word_1_89' title='bbox 1237 1229 1487 1284; x_wconf 87' lang='lat' dir='ltr'>turbidus</span> <span class='ocrx_word' id='word_1_90' title='bbox 1526 1231 1692 1284; x_wconf 89' lang='lat' dir='ltr'>armis</span> <span class='ocrx_word' id='word_1_91' title='bbox 1837 1243 1923 1284; x_wconf 90' lang='grc'>255</span> 
     </span>
     <span class='ocr_line' id='line_1_16' title="bbox 234 1302 1555 1373; baseline -0.002 -14"><span class='ocrx_word' id='word_1_92' title='bbox 234 1305 412 1359; x_wconf 90' lang='lat' dir='ltr'>Obuia</span> <span class='ocrx_word' id='word_1_93' title='bbox 449 1304 738 1358; x_wconf 88' lang='lat' dir='ltr'>Marcellus</span> <span class='ocrx_word' id='word_1_94' title='bbox 777 1302 971 1373; x_wconf 92' lang='lat' dir='ltr'>rapido</span> <span class='ocrx_word' id='word_1_95' title='bbox 1011 1302 1141 1356; x_wconf 88' lang='lat' dir='ltr'>tulit</span> <span class='ocrx_word' id='word_1_96' title='bbox 1180 1322 1276 1356; x_wconf 92' lang='lat' dir='ltr'>ora</span> <span class='ocrx_word' id='word_1_97' title='bbox 1315 1305 1555 1357; x_wconf 88' lang='lat' dir='ltr'>tumultu</span> 
     </span>
     <span class='ocr_line' id='line_1_17' title="bbox 229 1375 1697 1448; baseline -0.001 -15"><span class='ocrx_word' id='word_1_98' title='bbox 229 1379 657 1448; x_wconf 87' lang='lat' dir='ltr'>Agnoscensque</span> <span class='ocrx_word' id='word_1_99' title='bbox 697 1378 882 1431; x_wconf 88' lang='lat' dir='ltr'>decus:</span> <span class='ocrx_word' id='word_1_100' title='bbox 923 1375 1127 1430; x_wconf 67' lang='lat' dir='ltr'>‘Macte</span> <span class='ocrx_word' id='word_1_101' title='bbox 1169 1395 1199 1430; x_wconf 96' lang='lat' dir='ltr'>o</span> <span class='ocrx_word' id='word_1_102' title='bbox 1239 1378 1459 1431; x_wconf 87' lang='lat' dir='ltr'>uirtutis</span> <span class='ocrx_word' id='word_1_103' title='bbox 1501 1379 1697 1448; x_wconf 87' lang='lat' dir='ltr'>auitae,</span> 
     </span>
     <span class='ocr_line' id='line_1_18' title="bbox 229 1450 1786 1523; baseline 0.001 -18"><span class='ocrx_word' id='word_1_104' title='bbox 229 1452 409 1507; x_wconf 88' lang='lat' dir='ltr'>Macte</span> <span class='ocrx_word' id='word_1_105' title='bbox 450 1451 804 1506; x_wconf 82' lang='lat' dir='ltr'>Antenoride!</span> <span class='ocrx_word' id='word_1_106' title='bbox 845 1450 1022 1520; x_wconf 85' lang='lat' dir='ltr'>nune,&#39;</span> <span class='ocrx_word' id='word_1_107' title='bbox 1063 1452 1256 1521; x_wconf 90' lang='lat' dir='ltr'>inquit,</span> <span class='ocrx_word' id='word_1_108' title='bbox 1295 1451 1480 1521; x_wconf 68' lang='lat' dir='ltr'>‘rapta</span> <span class='ocrx_word' id='word_1_109' title='bbox 1518 1455 1786 1523; x_wconf 82' lang='lat' dir='ltr'>petamuS,</span> 
     </span>
     <span class='ocr_line' id='line_1_19' title="bbox 232 1524 1920 1597; baseline 0 -16"><span class='ocrx_word' id='word_1_110' title='bbox 232 1526 387 1589; x_wconf 83' lang='lat' dir='ltr'>Quod</span> <span class='ocrx_word' id='word_1_111' title='bbox 427 1530 687 1596; x_wconf 89' lang='lat' dir='ltr'>superest,</span> <span class='ocrx_word' id='word_1_112' title='bbox 725 1525 919 1595; x_wconf 86' lang='lat' dir='ltr'>Libyci</span> <span class='ocrx_word' id='word_1_113' title='bbox 959 1525 1199 1578; x_wconf 87' lang='lat' dir='ltr'>ductoris</span> <span class='ocrx_word' id='word_1_114' title='bbox 1238 1524 1511 1597; x_wconf 85' lang='lat' dir='ltr'>tegmina&#39;</span> <span class='ocrx_word' id='word_1_115' title='bbox 1547 1558 1611 1564; x_wconf 95' lang='lat'><strong>—</strong></span> <span class='ocrx_word' id='word_1_116' title='bbox 1640 1530 1695 1581; x_wconf 93' lang='lat' dir='ltr'>et</span> <span class='ocrx_word' id='word_1_117' title='bbox 1727 1527 1920 1581; x_wconf 87' lang='lat' dir='ltr'>ardens</span> 
     </span>
     <span class='ocr_line' id='line_1_20' title="bbox 228 1599 1919 1656; baseline 0.001 -2"><span class='ocrx_word' id='word_1_118' title='bbox 228 1601 501 1655; x_wconf 85' lang='lat' dir='ltr'>Terrificis</span> <span class='ocrx_word' id='word_1_119' title='bbox 543 1619 760 1654; x_wconf 90' lang='lat' dir='ltr'>saeuam</span> <span class='ocrx_word' id='word_1_120' title='bbox 798 1599 978 1653; x_wconf 90' lang='lat' dir='ltr'>fundit</span> <span class='ocrx_word' id='word_1_121' title='bbox 1017 1599 1343 1653; x_wconf 90' lang='lat' dir='ltr'>stridoribus</span> <span class='ocrx_word' id='word_1_122' title='bbox 1383 1600 1616 1655; x_wconf 87' lang='lat' dir='ltr'>hastam.</span> <span class='ocrx_word' id='word_1_123' title='bbox 1832 1614 1919 1656; x_wconf 88' lang='grc'>260</span> 
     </span>
     <span class='ocr_line' id='line_1_21' title="bbox 229 1673 1564 1742; baseline -0.001 -13"><span class='ocrx_word' id='word_1_124' title='bbox 229 1674 346 1729; x_wconf 88' lang='lat' dir='ltr'>Nec</span> <span class='ocrx_word' id='word_1_125' title='bbox 384 1674 573 1729; x_wconf 86' lang='lat' dir='ltr'>forsan</span> <span class='ocrx_word' id='word_1_126' title='bbox 611 1674 730 1728; x_wconf 90' lang='lat' dir='ltr'>uoti</span> <span class='ocrx_word' id='word_1_127' title='bbox 768 1692 943 1727; x_wconf 89' lang='lat' dir='ltr'>uanus</span> <span class='ocrx_word' id='word_1_128' title='bbox 984 1673 1142 1742; x_wconf 88' lang='lat' dir='ltr'>foret,</span> <span class='ocrx_word' id='word_1_129' title='bbox 1182 1674 1346 1727; x_wconf 90' lang='lat' dir='ltr'>obuia</span> <span class='ocrx_word' id='word_1_130' title='bbox 1383 1674 1441 1727; x_wconf 92' lang='lat' dir='ltr'>ni</span> <span class='ocrx_word' id='word_1_131' title='bbox 1481 1674 1564 1728; x_wconf 92' lang='lat' dir='ltr'>uis</span> 
     </span>
     <span class='ocr_line' id='line_1_22' title="bbox 231 1747 1605 1818; baseline 0.002 -17"><span class='ocrx_word' id='word_1_132' title='bbox 231 1749 472 1803; x_wconf 83' lang='lat' dir='ltr'>Gestaris</span> <span class='ocrx_word' id='word_1_133' title='bbox 515 1748 767 1818; x_wconf 89' lang='lat' dir='ltr'>opposito</span> <span class='ocrx_word' id='word_1_134' title='bbox 807 1747 1073 1800; x_wconf 89' lang='lat' dir='ltr'>tenuisset</span> <span class='ocrx_word' id='word_1_135' title='bbox 1111 1766 1335 1816; x_wconf 88' lang='lat' dir='ltr'>corpore</span> <span class='ocrx_word' id='word_1_136' title='bbox 1375 1748 1563 1802; x_wconf 86' lang='lat' dir='ltr'>telum.</span> <span class='ocrx_word' id='word_1_137' title='bbox 1604 1802 1605 1805; x_wconf 75' lang='grc'>,</span> 
     </span>
     <span class='ocr_line' id='line_1_23' title="bbox 235 1821 1564 1891; baseline 0 -16"><span class='ocrx_word' id='word_1_138' title='bbox 235 1823 338 1885; x_wconf 84' lang='lat' dir='ltr'>Qui</span> <span class='ocrx_word' id='word_1_139' title='bbox 380 1823 507 1875; x_wconf 92' lang='lat' dir='ltr'>dum</span> <span class='ocrx_word' id='word_1_140' title='bbox 551 1822 741 1874; x_wconf 86' lang='lat' dir='ltr'>uicinis</span> <span class='ocrx_word' id='word_1_141' title='bbox 781 1821 1060 1874; x_wconf 89' lang='lat' dir='ltr'>ductorem</span> <span class='ocrx_word' id='word_1_142' title='bbox 1099 1821 1342 1890; x_wconf 86' lang='lat' dir='ltr'>protegit</span> <span class='ocrx_word' id='word_1_143' title='bbox 1381 1822 1564 1891; x_wconf 76' lang='lat' dir='ltr'>armiS,</span> 
     </span>
     <span class='ocr_line' id='line_1_24' title="bbox 231 1894 1814 1965; baseline 0.002 -17"><span class='ocrx_word' id='word_1_144' title='bbox 231 1896 544 1949; x_wconf 86' lang='lat' dir='ltr'>Transabiit</span> <span class='ocrx_word' id='word_1_145' title='bbox 582 1913 692 1948; x_wconf 89' lang='lat' dir='ltr'>non</span> <span class='ocrx_word' id='word_1_146' title='bbox 730 1895 874 1947; x_wconf 86' lang='lat' dir='ltr'>hunc</span> <span class='ocrx_word' id='word_1_147' title='bbox 913 1894 1103 1947; x_wconf 90' lang='lat' dir='ltr'>sitiens</span> <span class='ocrx_word' id='word_1_148' title='bbox 1144 1895 1330 1965; x_wconf 89' lang='lat' dir='ltr'>grauis</span> <span class='ocrx_word' id='word_1_149' title='bbox 1369 1895 1531 1949; x_wconf 89' lang='lat' dir='ltr'>hasta</span> <span class='ocrx_word' id='word_1_150' title='bbox 1569 1914 1814 1951; x_wconf 88' lang='lat' dir='ltr'>cruorem</span> 
     </span>
     <span class='ocr_line' id='line_1_25' title="bbox 228 1969 1917 2040; baseline 0.001 -17"><span class='ocrx_word' id='word_1_151' title='bbox 228 1970 580 2040; x_wconf 88' lang='lat' dir='ltr'>Ingentisque</span> <span class='ocrx_word' id='word_1_152' title='bbox 621 1969 796 2022; x_wconf 90' lang='lat' dir='ltr'>minas</span> <span class='ocrx_word' id='word_1_153' title='bbox 838 1971 1050 2021; x_wconf 84' lang='lat' dir='ltr'>mutata</span> <span class='ocrx_word' id='word_1_154' title='bbox 1089 1971 1264 2022; x_wconf 90' lang='lat' dir='ltr'>morte</span> <span class='ocrx_word' id='word_1_155' title='bbox 1302 1971 1530 2040; x_wconf 86' lang='lat' dir='ltr'>peregit.</span> <span class='ocrx_word' id='word_1_156' title='bbox 1829 1983 1917 2024; x_wconf 87' lang='grc'>265</span> 
     </span>
     <span class='ocr_line' id='line_1_26' title="bbox 226 2042 1468 2112; baseline -0.001 -15"><span class='ocrx_word' id='word_1_157' title='bbox 226 2043 494 2097; x_wconf 88' lang='lat' dir='ltr'>Auehitur</span> <span class='ocrx_word' id='word_1_158' title='bbox 531 2043 734 2112; x_wconf 91' lang='lat' dir='ltr'>raptim</span> <span class='ocrx_word' id='word_1_159' title='bbox 775 2042 982 2112; x_wconf 83' lang='lat' dir='ltr'>ductor,</span> <span class='ocrx_word' id='word_1_160' title='bbox 1022 2042 1332 2096; x_wconf 88' lang='lat' dir='ltr'>discrimine</span> <span class='ocrx_word' id='word_1_161' title='bbox 1372 2044 1468 2096; x_wconf 90' lang='lat' dir='ltr'>leti</span> 
     </span>
     <span class='ocr_line' id='line_1_27' title="bbox 225 2116 1718 2188; baseline -0.001 -17"><span class='ocrx_word' id='word_1_162' title='bbox 225 2118 516 2184; x_wconf 76' lang='lat' dir='ltr'>TurbatUS‚</span> <span class='ocrx_word' id='word_1_163' title='bbox 556 2134 877 2186; x_wconf 87' lang='lat' dir='ltr'>cursumque</span> <span class='ocrx_word' id='word_1_164' title='bbox 916 2116 1100 2169; x_wconf 87' lang='lat' dir='ltr'>furens</span> <span class='ocrx_word' id='word_1_165' title='bbox 1143 2117 1210 2169; x_wconf 91' lang='lat' dir='ltr'>ad</span> <span class='ocrx_word' id='word_1_166' title='bbox 1250 2120 1428 2170; x_wconf 88' lang='lat' dir='ltr'>castra</span> <span class='ocrx_word' id='word_1_167' title='bbox 1467 2119 1718 2188; x_wconf 89' lang='lat' dir='ltr'>capessit.</span> 
     </span>
     <span class='ocr_line' id='line_1_28' title="bbox 224 2190 1839 2262; baseline 0 -17"><span class='ocrx_word' id='word_1_168' title='bbox 224 2191 448 2262; x_wconf 88' lang='lat' dir='ltr'>Iamque</span> <span class='ocrx_word' id='word_1_169' title='bbox 486 2190 650 2261; x_wconf 87' lang='lat' dir='ltr'>fugae</span> <span class='ocrx_word' id='word_1_170' title='bbox 689 2190 1009 2243; x_wconf 88' lang='lat' dir='ltr'>immodicus</span> <span class='ocrx_word' id='word_1_171' title='bbox 1047 2190 1223 2243; x_wconf 89' lang='lat' dir='ltr'>tendit</span> <span class='ocrx_word' id='word_1_172' title='bbox 1262 2192 1553 2244; x_wconf 89' lang='lat' dir='ltr'>certamine</span> <span class='ocrx_word' id='word_1_173' title='bbox 1593 2209 1839 2261; x_wconf 90' lang='lat' dir='ltr'>gressum</span> 
     </span>
     <span class='ocr_line' id='line_1_29' title="bbox 224 2263 1668 2335; baseline -0.001 -16"><span class='ocrx_word' id='word_1_174' title='bbox 224 2265 585 2335; x_wconf 88' lang='lat' dir='ltr'>Praecipitem</span> <span class='ocrx_word' id='word_1_175' title='bbox 624 2265 796 2317; x_wconf 90' lang='lat' dir='ltr'>uersis</span> <span class='ocrx_word' id='word_1_176' title='bbox 835 2263 1140 2318; x_wconf 90' lang='lat' dir='ltr'>Poenorum</span> <span class='ocrx_word' id='word_1_177' title='bbox 1183 2265 1447 2318; x_wconf 89' lang='lat' dir='ltr'>exercitus</span> <span class='ocrx_word' id='word_1_178' title='bbox 1488 2266 1668 2318; x_wconf 78' lang='lat' dir='ltr'>armis,</span> 
     </span>
     <span class='ocr_line' id='line_1_30' title="bbox 225 2338 1933 2409; baseline 0 -16"><span class='ocrx_word' id='word_1_179' title='bbox 225 2339 550 2409; x_wconf 86' lang='lat' dir='ltr'>Assequitur</span> <span class='ocrx_word' id='word_1_180' title='bbox 588 2339 713 2391; x_wconf 91' lang='lat' dir='ltr'>telis</span> <span class='ocrx_word' id='word_1_181' title='bbox 752 2338 945 2408; x_wconf 72' lang='lat' dir='ltr'>h&#39;ostiS‚</span> <span class='ocrx_word' id='word_1_182' title='bbox 983 2339 1282 2407; x_wconf 85' lang='lat' dir='ltr'>longasque</span> <span class='ocrx_word' id='word_1_183' title='bbox 1320 2338 1525 2392; x_wconf 90' lang='lat' dir='ltr'>uiritim</span> <span class='ocrx_word' id='word_1_184' title='bbox 1826 2352 1933 2401; x_wconf 63' lang='grc'>270,</span> 
     </span>
    </p>
   </div>
   <div class='ocr_carea' id='block_1_3' title="bbox 228 2460 581 2467">
    <p class='ocr_par' dir='ltr' id='par_1_4' title="bbox 228 2460 581 2467">
     <span class='ocr_line' id='line_1_31' title="bbox 228 2460 581 2467; baseline 0 723"><span class='ocrx_word' id='word_1_185' title='bbox 228 2460 581 2467; x_wconf 95' lang='lat' dir='ltr'> </span> 
     </span>
    </p>
   </div>
   <div class='ocr_carea' id='block_1_4' title="bbox 224 2527 1915 2984">
    <p class='ocr_par' dir='ltr' id='par_1_5' title="bbox 224 2527 1915 2984">
     <span class='ocr_line' id='line_1_32' title="bbox 360 2527 1915 2575; baseline 0.001 -2"><span class='ocrx_word' id='word_1_186' title='bbox 360 2532 446 2573; x_wconf 91' lang='grc'>242</span> <span class='ocrx_word' id='word_1_187' title='bbox 502 2528 730 2573; x_wconf 89' lang='lat' dir='ltr'>nitentem</span> <span class='ocrx_word' id='word_1_188' title='bbox 783 2528 925 2573; x_wconf 84' lang='lat' dir='ltr'>Blass</span> <span class='ocrx_word' id='word_1_189' title='bbox 993 2527 1232 2572; x_wconf 84' lang='lat' dir='ltr'>uidentem</span> <span class='ocrx_word' id='word_1_190' title='bbox 1290 2534 1316 2571; x_wconf 78' lang='lat' dir='ltr'>S</span> <span class='ocrx_word' id='word_1_191' title='bbox 1386 2529 1620 2574; x_wconf 84' lang='lat' dir='ltr'>iacentem</span> <span class='ocrx_word' id='word_1_192' title='bbox 1665 2530 1915 2575; x_wconf 77' lang='lat' dir='ltr'>Burmann</span> 
     </span>
     <span class='ocr_line' id='line_1_33' title="bbox 227 2586 1915 2646; baseline 0.002 -16"><span class='ocrx_word' id='word_1_193' title='bbox 227 2591 312 2631; x_wconf 89' lang='grc'>245</span> <span class='ocrx_word' id='word_1_194' title='bbox 360 2587 659 2646; x_wconf 87' lang='lat' dir='ltr'>uiolataque]</span> <span class='ocrx_word' id='word_1_195' title='bbox 707 2588 808 2630; x_wconf 90' lang='lat' dir='ltr'>tum</span> <span class='ocrx_word' id='word_1_196' title='bbox 861 2586 1015 2631; x_wconf 83' lang='lat' dir='ltr'>lactea</span> <span class='ocrx_word' id='word_1_197' title='bbox 1067 2587 1291 2632; x_wconf 77' lang='lat' dir='ltr'>Heinsius</span> <span class='ocrx_word' id='word_1_198' title='bbox 1353 2589 1403 2632; x_wconf 91' lang='lat' dir='ltr'>et</span> <span class='ocrx_word' id='word_1_199' title='bbox 1449 2587 1663 2633; x_wconf 80' lang='lat' dir='ltr'>uiolaeea</span> <span class='ocrx_word' id='word_1_200' title='bbox 1714 2589 1915 2646; x_wconf 78' lang='lat' dir='ltr'>Ruperti</span> 
     </span>
     <span class='ocr_line' id='line_1_34' title="bbox 226 2645 1911 2702; baseline 0.002 -14"><span class='ocrx_word' id='word_1_201' title='bbox 226 2650 312 2690; x_wconf 90' lang='grc'>248</span> <span class='ocrx_word' id='word_1_202' title='bbox 344 2645 510 2702; x_wconf 86' lang='lat' dir='ltr'>iactat]</span> <span class='ocrx_word' id='word_1_203' title='bbox 545 2648 700 2690; x_wconf 86' lang='lat' dir='ltr'>sacrat</span> <span class='ocrx_word' id='word_1_204' title='bbox 730 2651 791 2689; x_wconf 82' lang='lat' dir='ltr'>ch</span> <span class='ocrx_word' id='word_1_205' title='bbox 890 2649 972 2690; x_wconf 93' lang='grc'>251</span> <span class='ocrx_word' id='word_1_206' title='bbox 1007 2647 1158 2702; x_wconf 82' lang='lat' dir='ltr'>rapta,</span> <span class='ocrx_word' id='word_1_207' title='bbox 1190 2651 1242 2691; x_wconf 82' lang='lat' dir='ltr'>ut</span> <span class='ocrx_word' id='word_1_208' title='bbox 1272 2648 1389 2692; x_wconf 82' lang='lat' dir='ltr'>coni.</span> <span class='ocrx_word' id='word_1_209' title='bbox 1414 2647 1665 2692; x_wconf 83' lang='lat' dir='ltr'>Liuineius</span> <span class='ocrx_word' id='word_1_210' title='bbox 1694 2653 1737 2692; x_wconf 90' lang='lat' dir='ltr'>et</span> <span class='ocrx_word' id='word_1_211' title='bbox 1766 2648 1911 2692; x_wconf 84' lang='lat' dir='ltr'>Hein-</span> 
     </span>
     <span class='ocr_line' id='line_1_35' title="bbox 224 2705 1912 2763; baseline 0.001 -15"><span class='ocrx_word' id='word_1_212' title='bbox 224 2705 338 2759; x_wconf 83' lang='lat' dir='ltr'>sius,</span> <span class='ocrx_word' id='word_1_213' title='bbox 370 2709 438 2746; x_wconf 78' lang='lat' dir='ltr'>LF</span> <span class='ocrx_word' id='word_1_214' title='bbox 486 2706 627 2760; x_wconf 84' lang='lat' dir='ltr'>capta</span> <span class='ocrx_word' id='word_1_215' title='bbox 659 2709 731 2748; x_wconf 78' lang='lat' dir='ltr'>ov</span> <span class='ocrx_word' id='word_1_216' title='bbox 865 2710 951 2750; x_wconf 87' lang='grc'>253</span> <span class='ocrx_word' id='word_1_217' title='bbox 984 2705 1157 2750; x_wconf 86' lang='lat' dir='ltr'>socium</span> <span class='ocrx_word' id='word_1_218' title='bbox 1191 2711 1263 2749; x_wconf 81' lang='lat' dir='ltr'>cm</span> <span class='ocrx_word' id='word_1_219' title='bbox 1294 2706 1387 2763; x_wconf 76' lang='lat' dir='ltr'>Ep.</span> <span class='ocrx_word' id='word_1_220' title='bbox 1414 2710 1473 2751; x_wconf 87' lang='lat'>53</span> <span class='ocrx_word' id='word_1_221' title='bbox 1594 2710 1682 2751; x_wconf 80' lang='lat'>254</span> <span class='ocrx_word' id='word_1_222' title='bbox 1713 2705 1912 2751; x_wconf 88' lang='lat' dir='ltr'>Immitis</span> 
     </span>
     <span class='ocr_line' id='line_1_36' title="bbox 225 2762 1911 2823; baseline 0.001 -16"><span class='ocrx_word' id='word_1_223' title='bbox 225 2762 452 2808; x_wconf 83' lang='lat' dir='ltr'>Schrader</span> <span class='ocrx_word' id='word_1_224' title='bbox 535 2768 621 2808; x_wconf 82' lang='lat'>255</span> <span class='ocrx_word' id='word_1_225' title='bbox 646 2764 740 2823; x_wconf 91' lang='lat' dir='ltr'>cui]</span> <span class='ocrx_word' id='word_1_226' title='bbox 765 2766 958 2820; x_wconf 81' lang='lat' dir='ltr'>fortasse</span> <span class='ocrx_word' id='word_1_227' title='bbox 988 2778 1092 2808; x_wconf 84' lang='lat' dir='ltr'>cum</span> <span class='ocrx_word' id='word_1_228' title='bbox 1124 2767 1412 2810; x_wconf 82' lang='lat' dir='ltr'>scribendum</span> <span class='ocrx_word' id='word_1_229' title='bbox 1496 2769 1581 2809; x_wconf 84' lang='grc'>257</span> <span class='ocrx_word' id='word_1_230' title='bbox 1616 2779 1642 2809; x_wconf 97' lang='lat' dir='ltr'>o</span> <span class='ocrx_word' id='word_1_231' title='bbox 1667 2766 1785 2810; x_wconf 83' lang='lat' dir='ltr'>deest</span> <span class='ocrx_word' id='word_1_232' title='bbox 1807 2765 1860 2809; x_wconf 84' lang='lat' dir='ltr'>in</span> <span class='ocrx_word' id='word_1_233' title='bbox 1884 2771 1911 2808; x_wconf 81' lang='lat'><strong>8</strong></span> 
     </span>
     <span class='ocr_line' id='line_1_37' title="bbox 225 2820 1913 2883; baseline 0.002 -18"><span class='ocrx_word' id='word_1_234' title='bbox 225 2826 310 2866; x_wconf 90' lang='grc'>258</span> <span class='ocrx_word' id='word_1_235' title='bbox 342 2820 631 2866; x_wconf 77' lang='lat' dir='ltr'>Antenorida</span> <span class='ocrx_word' id='word_1_236' title='bbox 661 2824 886 2869; x_wconf 79' lang='lat' dir='ltr'>Heinsius</span> <span class='ocrx_word' id='word_1_237' title='bbox 919 2850 977 2856; x_wconf 88' lang='lat'>—</span> <span class='ocrx_word' id='word_1_238' title='bbox 1008 2825 1149 2880; x_wconf 87' lang='lat' dir='ltr'>rupta</span> <span class='ocrx_word' id='word_1_239' title='bbox 1178 2825 1324 2869; x_wconf 80' lang='lat' dir='ltr'>Bothe</span> <span class='ocrx_word' id='word_1_240' title='bbox 1418 2827 1505 2868; x_wconf 84' lang='lat'>263</span> <span class='ocrx_word' id='word_1_241' title='bbox 1540 2823 1687 2876; x_wconf 82' lang='lat' dir='ltr'>Quem</span> <span class='ocrx_word' id='word_1_242' title='bbox 1720 2825 1913 2883; x_wconf 76' lang='lat' dir='ltr'>Bentley</span> 
     </span>
     <span class='ocr_line' id='line_1_38' title="bbox 225 2879 1912 2941; baseline 0.002 -17"><span class='ocrx_word' id='word_1_243' title='bbox 225 2886 312 2925; x_wconf 90' lang='grc'>266</span> <span class='ocrx_word' id='word_1_244' title='bbox 342 2879 607 2924; x_wconf 88' lang='lat' dir='ltr'>Aduehitur</span> <span class='ocrx_word' id='word_1_245' title='bbox 637 2887 669 2924; x_wconf 85' lang='lat' dir='ltr'>L</span> <span class='ocrx_word' id='word_1_246' title='bbox 702 2909 758 2915; x_wconf 94' lang='lat'>—-</span> <span class='ocrx_word' id='word_1_247' title='bbox 791 2882 896 2941; x_wconf 88' lang='lat' dir='ltr'>leti]</span> <span class='ocrx_word' id='word_1_248' title='bbox 930 2882 1056 2927; x_wconf 87' lang='lat' dir='ltr'>uitae</span> <span class='ocrx_word' id='word_1_249' title='bbox 1089 2884 1164 2928; x_wconf 86' lang='lat' dir='ltr'>uel</span> <span class='ocrx_word' id='word_1_250' title='bbox 1192 2884 1246 2930; x_wconf 91' lang='lat' dir='ltr'>A.</span> <span class='ocrx_word' id='word_1_251' title='bbox 1278 2897 1424 2940; x_wconf 86' lang='lat' dir='ltr'>paruo</span> <span class='ocrx_word' id='word_1_252' title='bbox 1457 2882 1499 2927; x_wconf 90' lang='lat' dir='ltr'>d.</span> <span class='ocrx_word' id='word_1_253' title='bbox 1527 2882 1570 2925; x_wconf 89' lang='lat' dir='ltr'>d.</span> <span class='ocrx_word' id='word_1_254' title='bbox 1596 2881 1681 2927; x_wconf 87' lang='lat' dir='ltr'>leti</span> <span class='ocrx_word' id='word_1_255' title='bbox 1712 2882 1912 2940; x_wconf 78' lang='lat' dir='ltr'>Ruperti</span> 
     </span>
     <span class='ocr_line' id='line_1_39' title="bbox 225 2942 559 2984; baseline -0.009 0"><span class='ocrx_word' id='word_1_256' title='bbox 225 2944 310 2984; x_wconf 81' lang='grc'>267</span> <span class='ocrx_word' id='word_1_257' title='bbox 344 2942 496 2984; x_wconf 80' lang='lat' dir='ltr'>ferens</span> <span class='ocrx_word' id='word_1_258' title='bbox 529 2943 559 2981; x_wconf 92' lang='lat'><strong>0</strong></span> 
     </span>
    </p>
   </div>
  </div>
 </body>
</html>
