1988 3190
189 129 306 196 102⁵
860 128 975 174 sim
1005 128 1224 175 1TAL1C1

184 262 518 333 Tutelaeque
556 263 715 316 deum
753 263 988 318 fluitant.
1050 265 1140 318 hic
1180 264 1377 318 robore
1415 264 1591 319 fracto

182 335 399 407 Pugnat
437 338 595 407 inops
635 337 884 407 chalybis
925 357 1147 408 seseque
1186 339 1245 391 in
1284 339 1493 408 proelia
1531 358 1718 393 rursus

181 411 377 464 Armat
413 411 724 482 naufragi03
762 412 925 465 remis
967 414 1106 465 male
1144 412 1382 479 feruidus
1421 413 1514 466 ille
1786 428 1871 467 545

180 485 429 539 Festinat
469 486 704 556 spoliare
743 489 934 555 ratem,
973 487 1284 540 discrimine
1323 487 1476 540 nullo

180 559 233 612 N
237 564 486 613 autarum
525 559 799 613 interdum
838 562 1099 614 conuulsa
1139 561 1330 614 sedilia
1366 565 1643 630 torquens·

179 633 306 687 Non
352 634 559 703 plectro
607 634 740 687 ratis
789 638 884 687 aut
928 634 1262 705 frangendae
1309 636 1367 687 in
1414 636 1642 688 uulnera
1677 654 1873 706 prorae

178 706 443 777 Parcitur,
483 711 537 761 et
573 708 771 779 pelago
811 712 1132 779 repetuntur
1170 709 1360 762 nantia
1397 710 1522 762 tela.

178 780 512 835 Uulneribus
551 783 756 852 patulis
796 783 966 836 intrat
1006 801 1169 837 mare.
1229 801 1355 836 mox
1396 802 1494 836 sua
1531 786 1699 853 ponto
1783 797 1870 838 550

181 854 530 925 singultante
570 856 751 909 anima
789 858 1051 927 propulsa
1089 857 1391 910 refunditur
1430 857 1588 910 unda.

143 928 291 984 ·Nec
331 930 540 999 desunt,
582 932 673 1000 qui
714 934 993 1001 correptos
1034 931 1404 1000 complexibus
1445 932 1579 984 artis

179 1003 517 1076 Immergant
554 1006 752 1075 pelago
793 1008 862 1075 et,
901 1006 1094 1059 iaculis
1135 1005 1487 1072 cessantibus,
1525 1005 1737 1059 hostem

176 1077 354 1131 Morte
396 1098 492 1131 sua
530 1079 816 1147 perimant.
878 1082 1212 1132 remeantum
1254 1079 1472 1150 gurgite
1511 1083 1719 1133 mentes

174 1149 528 1221 Crudescunt,
569 1171 631 1206 ac
670 1171 770 1223 pro
810 1152 954 1206 ferro
995 1156 1107 1206 stat
1146 1153 1403 1206 fluctibus
1442 1154 1541 1207 uti.
1780 1167 1867 1208 555

177 1225 381 1279 Haurit
422 1227 752 1296 sanguineus
794 1230 1044 1280 contorta
1067 1227 1348 1280 ‘cadauera
1388 1230 1589 1280 uertex.

170 1299 314 1354 Hinc
353 1301 574 1366 clamor,
614 1303 852 1370 gemitus
892 1301 1043 1355 illinc
1076 1304 1385 1370 mortesque
1425 1301 1692 1371 fugaeque

170 1373 572 1445 Remorumque
611 1375 800 1445 fragor
837 1375 1098 1445 flictuque
1138 1375 1391 1428 sonantia
1429 1378 1626 1429 rostra.

170 1447 458 1502 Perfusum
497 1449 640 1502 bello
678 1449 857 1502 feruet
897 1468 1069 1520 mare3
1107 1449 1284 1502 fessus
1326 1449 1531 1503 acerbis

169 1522 346 1594 Terga
383 1524 515 1592 fuga
554 1524 718 1576 celeri
757 1522 964 1592 Libyae
1005 1524 1278 1577 conuertit
1319 1523 1386 1576 ad
1425 1541 1565 1587 oraS,
1779 1536 1865 1576 560

167 1595 385 1666 Exigua
426 1615 542 1651 sese
582 1597 794 1650 furatus
836 1597 1074 1661 Himilco
1115 1597 1314 1650 carina.

245 1669 571 1724 Concessere
612 1671 751 1725 mari
787 1672 1010 1725 tandem
1052 1671 1352 1740 Graiusque
1391 1669 1684 1740 Libysque,

168 1745 243 1797 Et
281 1745 391 1799 iam
432 1746 680 1814 captiuae
721 1745 916 1799 uinclis
956 1746 1023 1798 ad
1063 1746 1229 1798 litora
1265 1745 1432 1815 longo

171 1818 372 1872 Ordine
413 1820 678 1872 ducuntur
716 1837 939 1888 puppes.
995 1819 1353 1888 flagrantibus
1394 1819 1504 1871 alto

170 1891 328 1946 Stant
369 1893 508 1946 aliae
547 1893 735 1946 taediS.
799 1893 1048 1962 splendet
1086 1893 1299 1945 lucente
1338 1891 1607 1962 profundo
1771 1906 1860 1947 565

166 1966 448 2036 Mulciber,
488 1970 542 2019 et
579 1967 813 2019 tremula
852 1966 1101 2019 uibratur
1141 1965 1379 2035 imagine
1419 1970 1633 2034 pontus,

167 2040 339 2093 Ardet
377 2043 512 2094 nota
550 2040 706 2093 fretis
747 2039 932 2108 Cyane
971 2043 1315 2109 pennataque
1358 2038 1528 2093 Siren.

166 2114 339 2167 Ardet
378 2118 432 2168 et
471 2115 704 2184 Europe,
745 2114 888 2167 niuei
930 2114 1030 2167 sub
1071 2114 1313 2184 imagine
1352 2114 1495 2167 tauri

165 2187 337 2242 Uecta
375 2188 496 2242 Ioui
534 2207 596 2242 ac
635 2207 831 2258 prenso
871 2189 1184 2242 tramittens
1226 2205 1461 2257 aequora
1500 2204 1693 2255 cornu3

283 2413 368 2452 543
402 2409 599 2453 fluctant
630 2413 656 2450 S
684 2434 736 2440 —
762 2407 912 2452 fracto
946 2411 1017 2450 0V
1062 2406 1184 2451 freto
1217 2411 1284 2449 LE·
1405 2409 1491 2450 548
1524 2405 1574 2450 in
1604 2405 1802 2450 uulnera
1828 2410 1854 2448 8

163 2468 191 2511 i.
232 2467 425 2512 uulnere
467 2469 608 2524 uulyo
819 2471 905 2511 549
949 2466 1162 2510 Pascitur
1208 2470 1234 2508 S
1268 2491 1322 2498 —
1357 2480 1382 2510 e
1420 2464 1590 2523 pelago
1630 2464 1856 2509 Heinsius

163 2530 249 2571 550
280 2525 455 2583 patulis
485 2528 604 2572 deest
633 2527 686 2571 in
718 2531 749 2569 0
783 2552 839 2559 —
870 2526 1017 2584 mare]
1052 2524 1202 2569 maior
1235 2528 1265 2567 0
1358 2530 1444 2569 552
1479 2523 1805 2581 complexibus
1831 2528 1857 2566 8

163 2586 456 2641 amplexibus
502 2587 643 2644 uulgo
846 2589 931 2629 553
979 2583 1270 2628 cessantibus
1318 2589 1354 2627 V
1409 2583 1702 2628 cassantibus
1752 2585 1855 2625 1010

163 2649 250 2688 554
282 2645 405 2688 Mole
437 2645 662 2690 Heinsius
783 2648 867 2688 558
899 2643 1171 2699 flictuqueL
1201 2642 1440 2699 fluctuque
1457 2645 1565 2685 FOV
1592 2666 1646 2674 —
1674 2654 1856 2686 uersum

161 2704 294 2747 inser.
324 2708 397 2746 cm
420 2704 512 2759 Ep.
533 2708 594 2749 90
721 2706 807 2748 559
832 2702 980 2747 fessus
1009 2707 1079 2745 0V
1110 2703 1262 2746 fossus
1286 2706 1354 2744 121?
1485 2705 1569 2746 561
1602 2698 1796 2744 himilco
1820 2703 1855 2741 1.

161 2760 210 2805 in
251 2761 406 2805 mulco
445 2767 479 2804 F
533 2763 581 2806 in
622 2763 770 2807 multo
812 2766 883 2804 0V
924 2762 1002 2817 (cf.
1039 2762 1148 2806 III.
1184 2765 1267 2815 97)
1446 2765 1531 2805 563
1579 2757 1746 2803 uinclis
1784 2761 1853 2800 ΒΕ

159 2819 296 2864 undis
324 2824 393 2863 OV
437 2824 492 2875 (V
524 2823 554 2865 i.
586 2836 734 2879 mary.
759 2835 816 2866 m.
842 2825 889 2866 2.
915 2820 1102 2876 uinclis)
1244 2824 1328 2864 565
1361 2818 1535 2876 taedis]
1570 2816 1726 2862 caedis
1748 2819 1851 2859 Lro

162 2879 289 2923 cedis
314 2883 351 2920 V
368 2905 425 2911 —-
442 2879 569 2923 Nant
601 2881 721 2924 aliae
745 2880 887 2925 textis
905 2880 1131 2924 Heinsius
1193 2884 1277 2923 567
1303 2882 1437 2923 trane
1463 2881 1533 2920 0V
1567 2877 1647 2933 (cf.
1671 2889 1717 2920 u.
1743 2879 1854 2930 515)

159 2942 246 2983 568
277 2937 485 2995 Europe]
520 2939 676 2995 etiope
707 2944 741 2981 F
864 2943 949 2982 569
982 2937 1079 2983 ioui
1110 2943 1147 2980 V
1189 2938 1296 2982 ioue
1327 2940 1428 2979 LFO
